code,internal_code,name,manufacturer_name,manufacture_country,manufacturer_item_description,unit_qty,quantity,unit_of_measure,weighted,qty_in_package,price,unit_of_measure_price,allow_discount,status,item_id
18389423,false,סינטה עגל,,,סינטה עגל,קילוגרמים,1.00,"ק""ג",true,,129.00,129.0000,true,1,135429
18389430,false,סינטה עגל,,,סינטה עגל,קילוגרמים,1.00,"ק""ג",true,,129.00,129.0000,true,1,135430
18389621,false,סינטה עגל,,,סינטה עגל,קילוגרמים,1.00,"ק""ג",true,,129.00,129.0000,true,1,135431
18389638,false,סינטה עגל,,,סינטה עגל,קילוגרמים,1.00,"ק""ג",true,,129.00,129.0000,true,1,135432
32147230,false,מיץ לימון סיצילייה 2,קריות זול,,מיץ לימון סיצילייה 2,מיליליטרים,200.00,"100 מ""ל",false,,8.90,4.4500,true,1,43982
40099132,false,הובה בובה צאנק תות 3,,,הובה בובה צאנק תות 3,גרמים,35.00,100 גרם,false,,3.50,10.0000,true,1,65111
40111216,false,באונטי חטיף 57גר,קריות זול,,באונטי חטיף 57גר,גרמים,57.00,100 גרם,false,,3.90,6.8421,true,1,31252
40144016,false,סוכריות וורטר גליל 5,קריות זול,,סוכריות וורטר גליל 5,גרמים,50.00,100 גרם,false,,4.90,9.8000,true,1,31900
42101666,false,אירוייז מנטה ואקליפט,,,אירוייז מנטה ואקליפט,יחידה,0.00,יחידה,false,,5.90,0.0000,true,1,89220
42154662,false,אורביט מעטפה בטעם ספ,קריות זול,,אורביט מעטפה בטעם ספ,גרמים,27.00,100 גרם,false,,6.50,24.0741,true,1,39827
42182115,false,פייב ספירמינט סטיקס,,,פייב ספירמינט סטיקס,גרמים,29.00,100 גרם,false,,7.50,25.8621,true,1,49875
42188889,false,פייב אבטיח סטיקס 29ג,,,פייב אבטיח סטיקס 29ג,גרמים,29.00,100 גרם,false,,7.50,25.8621,true,1,52489
54051140,false,אלפרו מעדן סויה וניל,קריות זול,,אלפרו מעדן סויה וניל,מיליליטרים,500.00,"100 מ""ל",false,,16.90,3.3800,true,1,39175
54051157,false,אלפרו מעדן סויה שוקו,קריות זול,,אלפרו מעדן סויה שוקו,מיליליטרים,500.00,"100 מ""ל",false,,16.90,3.3800,true,1,39176
59079774,false,רקסונה רול און אלוור,,,רקסונה רול און אלוור,מיליליטרים,50.00,"100 מ""ל",false,,14.90,29.8000,true,1,106816
59079798,false,רקסונה רול און שאור,,,רקסונה רול און שאור,מיליליטרים,50.00,"100 מ""ל",false,,14.90,29.8000,true,1,107630
59079811,false,רקסונה רולאון נשים ט,,,רקסונה רולאון נשים ט,מיליליטרים,50.00,"100 מ""ל",false,,14.90,29.8000,true,1,120691
72940754,false,"מילקי וניל 170 מ""ל",קריות זול,,"מילקי וניל 170 מ""ל",מיליליטרים,170.00,"100 מ""ל",false,,2.90,1.7059,true,1,30544
72940761,false,מילקי שוקולד מהדרין,קריות זול,,מילקי שוקולד מהדרין,מיליליטרים,170.00,"100 מ""ל",false,,2.90,1.7059,true,1,30545
72940952,false,מילקי פי 2 קצפת מהדר,קריות זול,,מילקי פי 2 קצפת מהדר,מיליליטרים,110.00,"100 מ""ל",false,,3.90,3.5455,true,1,30546
72941041,false,מיני מילקי שוקולד 70,קריות זול,,מיני מילקי שוקולד 70,מיליליטרים,70.00,"100 מ""ל",false,,2.30,3.2857,true,1,30550
72961506,false,פרילי תות 1.5% 125גר,קריות זול,,פרילי תות 1.5% 125גר,גרמים,125.00,100 גרם,false,,3.50,2.8000,true,1,29278
72961520,false,פרילי אננס 1.5% 125ג,קריות זול,,פרילי אננס 1.5% 125ג,גרמים,125.00,100 גרם,false,,3.50,2.8000,true,1,29280
72961544,false,באדי תות 125מל,קריות זול,,באדי תות 125מל,מיליליטרים,125.00,"100 מ""ל",false,,2.90,2.3200,true,1,29281
72963753,false,שמנת של פעם 27% 200מ,קריות זול,,שמנת של פעם 27% 200מ,מיליליטרים,200.00,"100 מ""ל",false,,4.30,2.1500,true,1,29288
72963920,false,תנובה יוגורט 4% 200מ,קריות זול,,תנובה יוגורט 4% 200מ,מיליליטרים,200.00,"100 מ""ל",false,,3.70,1.8500,true,1,29289
72964422,false,יוגורט פרחים תנובה 4,קריות זול,,יוגורט פרחים תנובה 4,מיליליטרים,200.00,"100 מ""ל",false,,3.00,1.5000,true,1,29291
72986370,false,בן&גריס גלידה פיינטי,,,בן&גריס גלידה פיינטי,גרמים,420.00,100 גרם,false,,24.90,5.9286,true,1,21851
72986424,false,בן&גריס גלידה פיינטי,,,בן&גריס גלידה פיינטי,יחידה,420.00,יחידה,false,,24.90,0.0593,true,1,21852
72986448,false,בן&גריס גלידה טופי ק,,,בן&גריס גלידה טופי ק,יחידה,420.00,יחידה,false,,24.90,0.0593,true,1,47700
72986455,false,בן&גריס גלידה פיינטי,,,בן&גריס גלידה פיינטי,גרמים,420.00,100 גרם,false,,24.90,5.9286,true,1,21854
72986479,false,בן&גריס גלידה צאנקי,,,בן&גריס גלידה צאנקי,גרמים,420.00,100 גרם,false,,24.90,5.9286,true,1,21855
72989425,false,בן&גריס גלידה פיינטי,,,בן&גריס גלידה פיינטי,יחידה,500.00,יחידה,false,,24.90,0.0498,true,1,21856
72991886,false,בן&גריס גלידה ריבת ח,,,בן&גריס גלידה ריבת ח,גרמים,750.00,100 גרם,false,,24.90,3.3200,true,1,21857
76106071,false,מיץ לימון משומר 200מ,קריות זול,,מיץ לימון משומר 200מ,מיליליטרים,200.00,"100 מ""ל",false,,8.90,4.4500,true,1,107713
80001287,false,גרדנה חטיף אגוז 38גר,,,גרדנה חטיף אגוז 38גר,גרמים,38.00,100 גרם,false,,4.60,12.1053,true,1,31906
80042556,false,עגבניות חתוכות מוטי,,,עגבניות חתוכות מוטי,גרמים,400.00,100 גרם,false,,16.90,4.2250,true,1,93635
80042563,false,רסק עגבניות 700גר (צ,,,רסק עגבניות 700גר (צ,גרמים,700.00,100 גרם,false,,14.90,2.1286,true,1,89084
80177173,false,נוטלה ממרח 350 גרם,קריות זול,,נוטלה ממרח 350 גרם,גרמים,350.00,100 גרם,false,,14.90,4.2571,true,1,31916
80773429,false,מסטיק מנטוס פיור פרש,,,מסטיק מנטוס פיור פרש,גרמים,60.00,100 גרם,false,,9.90,16.5000,true,1,96077
80773443,false,מסטיק מנטוס בקבוק מע,,,מסטיק מנטוס בקבוק מע,גרמים,60.00,100 גרם,false,,9.90,16.5000,true,1,93798
80776307,false,מנטוס מסטיק ביג בקבו,,,מנטוס מסטיק ביג בקבו,גרמים,90.00,100 גרם,false,,18.90,21.0000,true,1,93795
80790990,false,מסטיק מנטוס בקבוק מע,,,מסטיק מנטוס בקבוק מע,גרמים,60.00,100 גרם,false,,9.90,16.5000,true,1,93799
80794233,false,מנטוס מסטיק ביג בקבו,,,מנטוס מסטיק ביג בקבו,גרמים,90.00,100 גרם,false,,18.90,21.0000,true,1,93797
80843184,false,מסטיק מנטוס פיור פרש,,,מסטיק מנטוס פיור פרש,גרמים,60.00,100 גרם,false,,9.90,16.5000,true,1,136896
80862260,false,מנטוס מסטיק פיור ווי,,,מנטוס מסטיק פיור ווי,יחידה,0.00,יחידה,false,,18.90,0.0000,true,1,140001
80896081,false,מנטוס מסטיק פיור פרש,,,מנטוס מסטיק פיור פרש,גרמים,60.00,100 גרם,false,,9.90,16.5000,true,1,96078
80913467,false,מסטיק מנטוס בבקבוק מ,,,מסטיק מנטוס בבקבוק מ,גרמים,60.00,100 גרם,false,,9.90,16.5000,true,1,93800
80929277,false,מנטוס מסטיק פיור ווי,,,מנטוס מסטיק פיור ווי,יחידה,0.00,יחידה,false,,18.90,0.0000,true,1,140003
80945468,false,מנטוס פיור וויט מנטה,,,מנטוס פיור וויט מנטה,גרמים,60.00,100 גרם,false,,9.90,16.5000,true,1,137393
80957706,false,מנטוס מסטיק פיור ווי,,,מנטוס מסטיק פיור ווי,יחידה,0.00,יחידה,false,,18.90,0.0000,true,1,140002
80974215,false,מסטיק מנטוס פיור פרש,,,מסטיק מנטוס פיור פרש,גרמים,90.00,100 גרם,false,,18.90,21.0000,true,1,98848
80979128,false,מסטיק מנטוס פיור פרש,,,מסטיק מנטוס פיור פרש,גרמים,60.00,100 גרם,false,,9.90,16.5000,true,1,136895
80995128,false,מנטוס מסטיק בטעם הדר,,,מנטוס מסטיק בטעם הדר,גרמים,60.00,100 גרם,false,,9.90,16.5000,true,1,140981
87311396,false,מנטוס ריינבואו גליל,,,מנטוס ריינבואו גליל,גרמים,37.50,100 גרם,false,,3.90,10.4000,true,1,65275
90087974,false,חומץ תפוחים 5% 750מל,,,חומץ תפוחים 5% 750מל,מיליליטרים,750.00,"100 מ""ל",false,,13.90,1.8533,true,1,92454
90087998,false,"מיץ לימון 250מ""ל",,,"מיץ לימון 250מ""ל",מיליליטרים,250.00,"100 מ""ל",false,,5.90,2.3600,true,1,75949
96130339,false,דאב רולאון 0% אלומינ,,,דאב רולאון 0% אלומינ,מטרים,50.00,100 מ'ל,false,,15.90,31.8000,true,1,136583
96137130,false,"דאב רולאון אגס 50 מ""",,,"דאב רולאון אגס 50 מ""",מיליליטרים,50.00,"100 מ""ל",false,,15.90,31.8000,true,1,98589
3338322029,false,אוכמניות טריות 125גר,,,אוכמניות טריות 125גר,גרמים,125.00,100 גרם,false,,14.90,11.9200,true,1,137304
8112100298,false,שמן שומשום טהור 185מ,,,שמן שומשום טהור 185מ,מיליליטרים,185.00,"100 מ""ל",false,,15.90,8.5946,true,1,56444
9800800056,false,נוטלה&גו חטיף 52גר,,,נוטלה&גו חטיף 52גר,גרמים,52.00,100 גרם,false,,6.50,12.5000,true,1,89774
11179111541,false,מפות שולחן אמריקאי פ,,,מפות שולחן אמריקאי פ,יחידה,0.00,יחידה,false,,3.90,0.0000,true,1,93642
11210000094,false,טבסקו אדום 60מל,קריות זול,,טבסקו אדום 60מל,מיליליטרים,60.00,"100 מ""ל",false,,10.90,18.1667,true,1,22353
11210000216,false,טבסקו בלאדי מרי 946מ,,,טבסקו בלאדי מרי 946מ,מיליליטרים,946.00,"100 מ""ל",false,,29.90,3.1607,true,1,94784
11210607040,false,טבסקו  מעושן ציפוטלי,,,טבסקו  מעושן ציפוטלי,מיליליטרים,60.00,"100 מ""ל",false,,10.90,18.1667,true,1,94786
11210618503,false,"טבסקו סקורפיון 60 מ""",,,"טבסקו סקורפיון 60 מ""",מיליליטרים,60.00,"100 מ""ל",false,,14.90,24.8333,true,1,128489
16000185517,false,*מבצע* דגני פייבר וו,,,*מבצע* דגני פייבר וו,גרמים,555.00,100 גרם,false,,19.90,3.5856,true,1,138951
16000281684,false,ניטשר וואלי חטיף קרא,,,ניטשר וואלי חטיף קרא,גרמים,210.00,100 גרם,false,,22.50,10.7143,true,1,43480
16000423534,false,ניטשר וואלי חטיף שיב,,,ניטשר וואלי חטיף שיב,גרמים,210.00,100 גרם,false,,22.50,10.7143,true,1,54945
16000548404,false,ניטשר וואלי חטיף קרא,,,ניטשר וואלי חטיף קרא,גרמים,210.00,100 גרם,false,,22.50,10.7143,true,1,31934
16000548503,false,ניטשר וואלי חטיף קרא,,,ניטשר וואלי חטיף קרא,גרמים,210.00,100 גרם,false,,22.50,10.7143,true,1,31936
18000701223,false,תערובת עוגת שוקולד פ,קריות זול,,תערובת עוגת שוקולד פ,גרמים,550.00,100 גרם,false,,19.90,3.6182,true,1,31941
18000703494,false,תערובת עוגת וניל 500,קריות זול,,תערובת עוגת וניל 500,גרמים,500.00,100 גרם,false,,19.90,3.9800,true,1,31942
18000766413,false,תערובת עוגת בראוניס,,,תערובת עוגת בראוניס,גרמים,550.00,100 גרם,false,,19.90,3.6182,true,1,31944
21000052387,false,רוטב ברביקיו דבש מתו,,,רוטב ברביקיו דבש מתו,מיליליטרים,510.00,"100 מ""ל",false,,10.00,1.9608,true,1,107525
22200956949,false,ספיד סטיק 24/7 ג'ל כ,,,ספיד סטיק 24/7 ג'ל כ,גרמים,85.00,100 גרם,false,,21.90,25.7647,true,1,33849
25675301092,false,מקלות חמצוצים צבעוני,,,מקלות חמצוצים צבעוני,גרמים,50.00,100 גרם,false,,5.90,11.8000,true,1,110365
25675301108,false,מקלות חמוצים תות 50,,,מקלות חמוצים תות 50,גרמים,50.00,100 גרם,false,,5.90,11.8000,true,1,105842
25675301184,false,מקלות חמוצים קולה 50,,,מקלות חמוצים קולה 50,גרמים,50.00,100 גרם,false,,5.90,11.8000,true,1,46637
31200001597,false,חמוציות אושן ספריי 1,קריות זול,,חמוציות אושן ספריי 1,גרמים,170.00,100 גרם,false,,13.70,8.0588,true,1,53176
33383220291,false,אוכמניות טריות 125 ג,,,אוכמניות טריות 125 ג,יחידה,0.00,יחידה,false,,14.90,0.0000,true,1,137305
33617322616,false,קרקר ואזה מקמח שיפון,,,קרקר ואזה מקמח שיפון,גרמים,270.00,100 גרם,false,,14.90,5.5185,true,1,62376
33617340610,false,פת פריכה מקמח שיפון,,,פת פריכה מקמח שיפון,גרמים,250.00,100 גרם,false,,14.90,5.9600,true,1,62377
34000996643,false,הרשי דרופס פאוצ 215ג,,,הרשי דרופס פאוצ 215ג,גרמים,215.00,100 גרם,false,,19.90,9.2558,true,1,140008
36000516890,false,קלינקס ממחטות אף אלו,,,קלינקס ממחטות אף אלו,יח',120.00,יח',false,,18.90,0.1575,true,1,112210
37600207188,false,חמאת בוטנים קלאסי סק,,,חמאת בוטנים קלאסי סק,גרמים,462.00,100 גרם,false,,24.90,5.3896,true,1,71292
37600207287,false,חמאת בוטנים עם דבש ס,,,חמאת בוטנים עם דבש ס,גרמים,462.00,100 גרם,false,,24.90,5.3896,true,1,71294
38000138638,false,פרינגלס פיצה 158גר,,,פרינגלס פיצה 158גר,גרמים,158.00,100 גרם,false,,11.90,7.5316,true,1,92502
38000232176,false,פרינגלס ביג שמנת ובצ,,,פרינגלס ביג שמנת ובצ,גרמים,149.00,100 גרם,false,,11.90,7.9866,true,1,112808
38000232183,false,פרינגלס ביג אורגינל,,,פרינגלס ביג אורגינל,גרמים,149.00,100 גרם,false,,11.90,7.9866,true,1,112807
38527591053,false,דגני בוקר קוואקר מרו,,,דגני בוקר קוואקר מרו,גרמים,412.00,100 גרם,false,,22.90,5.5583,true,1,64392
38527591060,false,דגני בוקר קוואקר מרו,,,דגני בוקר קוואקר מרו,גרמים,412.00,100 גרם,false,,22.90,5.5583,true,1,63759
40000513629,false,אמ&אמס אריזה גדולה ח,,,אמ&אמס אריזה גדולה ח,גרמים,142.00,100 גרם,false,,11.90,8.3803,true,1,95703
40000514480,false,אמ&אמס עדשי שוקולד 4,,,אמ&אמס עדשי שוקולד 4,גרמים,48.00,100 גרם,false,,4.90,10.2083,true,1,90121
40000514510,false,אמ&אמס עדשי שוקולד ב,,,אמ&אמס עדשי שוקולד ב,גרמים,49.00,100 גרם,false,,4.90,10.0000,true,1,89516
41390010309,false,רוטב טריאקי קיקומן 4,,,רוטב טריאקי קיקומן 4,מיליליטרים,444.00,"100 מ""ל",false,,29.90,6.7342,true,1,72068
42400108153,false,דגני פוסט טוטי פרוטי,,,דגני פוסט טוטי פרוטי,גרמים,354.00,100 גרם,false,,24.90,7.0339,true,1,135091
44600300580,false,כלורקס קלין אפ פרש 9,קריות זול,,כלורקס קלין אפ פרש 9,מיליליטרים,946.00,"100 מ""ל",false,,19.90,2.1036,true,1,136799
46214382259,false,עוגיות בראוניס שוקול,קריות זול,,עוגיות בראוניס שוקול,גרמים,200.00,100 גרם,false,,11.90,5.9500,true,1,33923
46214731552,false,עוגיות שוקולד ציפס ע,קריות זול,,עוגיות שוקולד ציפס ע,גרמים,225.00,100 גרם,false,,11.90,5.2889,true,1,25258
48256214758,false,אסטוניש אבקת הפלא מס,,,אסטוניש אבקת הפלא מס,גרמים,1000.00,100 גרם,false,,32.90,3.2900,true,1,33938
50000100347,false,פריסקיז מעדני החתול,,,פריסקיז מעדני החתול,קילוגרמים,1.40,"ק""ג",false,,39.90,28.5000,true,1,23284
50000168583,false,פריסקיז אקסטרא קראנץ,,,פריסקיז אקסטרא קראנץ,גרמים,1430.00,100 גרם,false,,39.90,2.7902,true,1,136030
50000225224,false,פריסקיז פילה הודו בר,,,פריסקיז פילה הודו בר,גרמים,156.00,100 גרם,false,,6.50,4.1667,true,1,92415
50000429042,false,פנסי פיסט כבד עם מעד,,,פנסי פיסט כבד עם מעד,גרמים,85.00,100 גרם,false,,6.50,7.6471,true,1,23286
50000429448,false,פנסי פיסט מוס סלמון,,,פנסי פיסט מוס סלמון,גרמים,85.00,100 גרם,false,,6.50,7.6471,true,1,38936
51000002846,false,וי 8 מיץ ירקות 946מל,,,וי 8 מיץ ירקות 946מל,מיליליטרים,946.00,"100 מ""ל",false,,19.90,2.1036,true,1,47833
54881008174,false,תה ארל גריי אחמד 100,,,תה ארל גריי אחמד 100,יחידה,0.00,יחידה,false,,16.90,0.0000,true,1,92458
55369903295,false,"רסק תפו""ע בצנצנת ללא",,,"רסק תפו""ע בצנצנת ללא",גרמים,652.00,100 גרם,false,,15.90,2.4387,true,1,74898
70221011116,false,טובלרון שוקולד חלב 1,,,טובלרון שוקולד חלב 1,גרמים,100.00,100 גרם,false,,9.90,9.9000,true,1,114507
73490130359,false,קרם קרקר 250גר,קריות זול,,קרם קרקר 250גר,גרמים,250.00,100 גרם,false,,7.50,3.0000,true,1,23293
73490130946,false,פתי בר וניל 500 גרם,,,פתי בר וניל 500 גרם,גרמים,500.00,100 גרם,false,,8.90,1.7800,true,1,49385
73490130953,false,פתי בר שוקו 500 גרם,,,פתי בר שוקו 500 גרם,גרמים,500.00,100 גרם,false,,8.90,1.7800,true,1,49386
76840100156,false,בן&גריס גלידה שמנת ע,,,בן&גריס גלידה שמנת ע,מיליליטרים,473.00,"100 מ""ל",false,,24.90,5.2643,true,1,135531
76840100583,false,בן&גריס גלידה וניל+ב,,,בן&גריס גלידה וניל+ב,מיליליטרים,473.00,"100 מ""ל",false,,24.90,5.2643,true,1,51190
77245110610,false,מאסט סוכריות ללא סוכ,קריות זול,,מאסט סוכריות ללא סוכ,גרמים,80.00,100 גרם,false,,9.30,11.6250,true,1,30337
77343000233,false,להבונים 50יח,קריות זול,,להבונים 50יח,יחידה,0.00,יחידה,false,,9.90,0.0000,true,1,26099
77975010167,false,סניידרס מקלוני חיטה,,,סניידרס מקלוני חיטה,גרמים,340.00,100 גרם,false,,16.90,4.9706,true,1,94621
77975022757,false,בייגלה אמריקאי פרייצ,,,בייגלה אמריקאי פרייצ,גרמים,380.00,100 גרם,false,,16.90,4.4474,true,1,71483
77975036976,false,מטבל עגבניות בחריפות,,,מטבל עגבניות בחריפות,גרמים,439.00,100 גרם,false,,18.90,4.3052,true,1,76696
77975094624,false,שברי בייגל במילוי חמ,,,שברי בייגל במילוי חמ,גרמים,283.50,100 גרם,false,,16.90,5.9612,true,1,127853
77975094631,false,בייגלה סניידרס גבינה,,,בייגלה סניידרס גבינה,גרמים,266.00,100 גרם,false,,16.90,6.3534,true,1,127852
77975094761,false,שברי בייגל בטעם גבינ,,,שברי בייגל בטעם גבינ,גרמים,340.00,100 גרם,false,,16.90,4.9706,true,1,135473
77975094778,false,סניידרס בטעם דבש חרד,,,סניידרס בטעם דבש חרד,גרמים,340.00,100 גרם,false,,16.90,4.9706,true,1,136294
77975095157,false,סניידרס שברי בייגלה,,,סניידרס שברי בייגלה,גרמים,318.00,100 גרם,false,,16.90,5.3145,true,1,139579
80518532743,false,בלוני גומי רמה 3,,,בלוני גומי רמה 3,יחידה,0.00,יחידה,false,,11.90,0.0000,true,1,28656
84213017499,false,מיסלי אורגני מסטמכר,,,מיסלי אורגני מסטמכר,גרמים,500.00,100 גרם,false,,20.90,4.1800,true,1,28115
634065859329,false,אוזניות שחור IMX,,,אוזניות שחור IMX,יחידה,0.00,יחידה,false,,29.90,0.0000,true,1,127094
639138513238,false,פילה הרינג מעושן 190,,,פילה הרינג מעושן 190,גרמים,190.00,100 גרם,false,,14.50,7.6316,true,1,39876
645173911038,false,קורנישון מיני 720גר,,,קורנישון מיני 720גר,גרמים,720.00,100 גרם,false,,12.90,1.7917,true,1,22564
693493158657,false,"תפו""א גורמה",,,"תפו""א גורמה",קילוגרמים,1.00,"ק""ג",true,,5.90,5.9000,true,1,138644
693493158794,false,אוכמניות טריות 125 ג,,,אוכמניות טריות 125 ג,יחידה,0.00,יחידה,false,,12.90,0.0000,true,1,141213
728229123590,false,ציפס חטיף טרה ירקות,,,ציפס חטיף טרה ירקות,גרמים,110.00,100 גרם,false,,15.90,14.4545,true,1,47785
728229123811,false,ציפס חטיף טרה ירקות,,,ציפס חטיף טרה ירקות,גרמים,110.00,100 גרם,false,,15.90,14.4545,true,1,47787
728229124764,false,ציפס חטיף טרה בטטה מ,,,ציפס חטיף טרה בטטה מ,גרמים,110.00,100 גרם,false,,15.90,14.4545,true,1,135146
728229130154,false,ציפס חטיף טרה בטטה ו,,,ציפס חטיף טרה בטטה ו,גרמים,110.00,100 גרם,false,,15.90,14.4545,true,1,47788
728229130444,false,ציפס חטיף טרה ירק תפ,,,ציפס חטיף טרה ירק תפ,גרמים,110.00,100 גרם,false,,15.90,14.4545,true,1,51040
835811006497,false,אבקת סוכר הנמל 500גר,,,אבקת סוכר הנמל 500גר,גרמים,500.00,100 גרם,false,,6.90,1.3800,true,1,74912
835811006695,false,קוקטים לאפייה 20יח,,,קוקטים לאפייה 20יח,יח',20.00,יח',false,,9.90,0.4950,true,1,72707
835811006701,false,קוקטים לאפייה 24יח,,,קוקטים לאפייה 24יח,יח',24.00,יח',false,,9.90,0.4125,true,1,72708
835811006770,false,מגש הכסף תבנית עגול+,,,מגש הכסף תבנית עגול+,יח',5.00,יח',false,,10.90,2.1800,true,1,67736
856591000055,false,עוגיות עבאדי מזרחיות,,,עוגיות עבאדי מזרחיות,גרמים,400.00,100 גרם,false,,19.90,4.9750,true,1,76936
856591000062,false,עוגיות עבאדי מזרחיות,קריות זול,,עוגיות עבאדי מזרחיות,גרמים,400.00,100 גרם,false,,19.90,4.9750,true,1,34147
884912002372,false,פוסט סלקט קרנברי 396,,,פוסט סלקט קרנברי 396,גרמים,396.00,100 גרם,false,,26.90,6.7929,true,1,65028
884912117625,false,דגני פוסט גולדן קריס,,,דגני פוסט גולדן קריס,גרמים,418.00,100 גרם,false,,24.90,5.9569,true,1,99618
884912126115,false,דגני פוסט גרייט גריי,,,דגני פוסט גרייט גריי,גרמים,453.00,100 גרם,false,,26.90,5.9382,true,1,50707
884912129512,false,*מבצע* דגני פוסט קוק,,,*מבצע* דגני פוסט קוק,גרמים,311.00,100 גרם,false,,20.00,6.4309,true,1,70495
884912342737,false,דגני פוסט וואפל קריס,,,דגני פוסט וואפל קריס,גרמים,326.00,100 גרם,false,,24.90,7.6380,true,1,139728
884912359155,false,דגני פוסט האני בנצ'ס,,,דגני פוסט האני בנצ'ס,גרמים,340.00,100 גרם,false,,24.90,7.3235,true,1,139721
884912359162,false,דגני פוסט האני בנצ'ס,,,דגני פוסט האני בנצ'ס,גרמים,340.00,100 גרם,false,,24.90,7.3235,true,1,139722
884912359414,false,דגני פוסט האני בנצ'ס,,,דגני פוסט האני בנצ'ס,גרמים,340.00,100 גרם,false,,24.90,7.3235,true,1,139725
884912359421,false,דגני פוסט האני בנצ'ס,,,דגני פוסט האני בנצ'ס,גרמים,340.00,100 גרם,false,,24.90,7.3235,true,1,139723
884912365200,false,דגני בוקר אוראו 311,,,דגני בוקר אוראו 311,גרמים,311.00,100 גרם,false,,21.90,7.0418,true,1,140686
884912365217,false,דגני בוקר אוראו 311,,,דגני בוקר אוראו 311,גרמים,311.00,100 גרם,false,,21.90,7.0418,true,1,135476
884912377142,false,דגני פוסט האני בנצ'ס,,,דגני פוסט האני בנצ'ס,גרמים,340.00,100 גרם,false,,24.90,7.3235,true,1,139726
887930383881,false,סוללה AA קודאק (12)א,,,סוללה AA קודאק (12)א,יחידה,0.00,יחידה,false,,19.90,0.0000,true,1,140853
887930413397,false,סוללות קודאק זוג AAA,,,סוללות קודאק זוג AAA,יחידה,0.00,יחידה,false,,5.90,0.0000,true,1,138961
887930415025,false,סוללות קודאק אקסטרא,,,סוללות קודאק אקסטרא,יחידה,0.00,יחידה,false,,19.90,0.0000,true,1,95368
887930951998,false,סוללות קודאק 4יח AAA,,,סוללות קודאק 4יח AAA,יחידה,0.00,יחידה,false,,7.90,0.0000,true,1,95370
887930952001,false,סוללה AAA קודאק 4+2,,,סוללה AAA קודאק 4+2,יחידה,0.00,יחידה,false,,14.90,0.0000,true,1,140854
887930952025,false,סוללות קודאק AA4 אצב,,,סוללות קודאק AA4 אצב,יחידה,0.00,יחידה,false,,7.90,0.0000,true,1,95357
3014260228842,false,גילט קצף גילוח רגיל,,,גילט קצף גילוח רגיל,מיליליטרים,200.00,"100 מ""ל",false,,14.90,7.4500,true,1,48583
3014260262709,false,וונוס סכיני גילוח 4י,,,וונוס סכיני גילוח 4י,יחידה,0.00,יחידה,false,,39.90,0.0000,true,1,28271
3014260287030,false,גילט סכיני גילוח חד,,,גילט סכיני גילוח חד,יחידה,0.00,יחידה,false,,9.90,0.0000,true,1,42527
3046920027281,false,שוקולד לינדט אקסלנס,,,שוקולד לינדט אקסלנס,גרמים,100.00,100 גרם,false,,15.90,15.9000,true,1,74043
3046920028004,false,שוקולד לינדט אקסלנס,,,שוקולד לינדט אקסלנס,גרמים,100.00,100 גרם,false,,15.90,15.9000,true,1,34190
3046920028363,false,שוקולד לינדט אקסלנס,,,שוקולד לינדט אקסלנס,גרמים,100.00,100 גרם,false,,15.90,15.9000,true,1,31285
3046920028721,false,שוקולד לינדט אקסלנס,,,שוקולד לינדט אקסלנס,גרמים,50.00,100 גרם,false,,15.90,31.8000,true,1,128499
3046920028752,false,שוקולד לינדט אקסלנס,,,שוקולד לינדט אקסלנס,גרמים,100.00,100 גרם,false,,15.90,15.9000,true,1,55980
3046920029674,false,שוקולד לינדט אקסלנס,,,שוקולד לינדט אקסלנס,גרמים,100.00,100 גרם,false,,15.90,15.9000,true,1,55981
3046920029681,false,שוקולד לינדט אקסלנס,,,שוקולד לינדט אקסלנס,גרמים,100.00,100 גרם,false,,15.90,15.9000,true,1,120790
3046920029759,false,שוקולד לינדט אקסלנס,,,שוקולד לינדט אקסלנס,גרמים,100.00,100 גרם,false,,15.90,15.9000,true,1,74041
3059943015128,false,איירוויק ספריי נטול,,,איירוויק ספריי נטול,מיליליטרים,345.00,"100 מ""ל",false,,15.90,4.6087,true,1,49228
3141360054405,false,פיניש דאו ריח לימון,,,פיניש דאו ריח לימון,יחידה,0.00,יחידה,false,,21.90,0.0000,true,1,90305
3387390320244,false,פיטנס פירות 375גר,קריות זול,,פיטנס פירות 375גר,גרמים,375.00,100 גרם,false,,23.90,6.3733,true,1,34215
3387390525960,false,דגני קראנץ' נסטלה 50,,,דגני קראנץ' נסטלה 50,גרמים,500.00,100 גרם,false,,27.90,5.5800,true,1,45851
3387390730852,false,פיטנס דגנים מחיטה מל,קריות זול,,פיטנס דגנים מחיטה מל,גרמים,375.00,100 גרם,false,,23.90,6.3733,true,1,34216
3574660240030,false,אובה טמפונים פרוקומפ,,,אובה טמפונים פרוקומפ,יח',32.00,יח',false,,19.90,0.6219,true,1,106883
3574660415506,false,ליסטרין טוטאל קייר ס,,,ליסטרין טוטאל קייר ס,מיליליטרים,500.00,"100 מ""ל",false,,19.90,3.9800,true,1,140900
3574661487335,false,קרפרי תחתוניות לונג,,,קרפרי תחתוניות לונג,יחידה,0.00,יחידה,false,,14.90,0.0000,true,1,106980
3574661487618,false,קרפרי תחתוניות מקסי,,,קרפרי תחתוניות מקסי,יחידה,0.00,יחידה,false,,14.90,0.0000,true,1,106981
3574661491721,false,ליסטרין  מי פה לבן,,,ליסטרין  מי פה לבן,מיליליטרים,500.00,"100 מ""ל",false,,19.90,3.9800,true,1,140901
3574661520469,false,"שמפו גונסון 500 מ""ל",,,"שמפו גונסון 500 מ""ל",מיליליטרים,500.00,"100 מ""ל",false,,10.00,2.0000,true,1,138144
3574661520476,false,שמפו גונסון קמומיל 5,,,שמפו גונסון קמומיל 5,מיליליטרים,500.00,"100 מ""ל",false,,10.00,2.0000,true,1,138145
3574661552576,false,קרפרי מגן תחתון רגיל,קריות זול,,קרפרי מגן תחתון רגיל,יח',56.00,יח',false,,14.90,0.2661,true,1,120570
3574661552811,false,קרפרי תחתוניות כותון,,,קרפרי תחתוניות כותון,יחידה,0.00,יחידה,false,,14.90,0.0000,true,1,120571
3574661554877,false,קרפרי מגן תחתון אוור,קריות זול,,קרפרי מגן תחתון אוור,יח',56.00,יח',false,,14.90,0.2661,true,1,120572
3574669908665,false,גונסון בייבי אל סבון,,,גונסון בייבי אל סבון,מיליליטרים,750.00,"100 מ""ל",false,,19.90,2.6533,true,1,100375
3607345264356,false,פיוז'ן ספריי גוף דינ,,,פיוז'ן ספריי גוף דינ,מיליליטרים,150.00,"100 מ""ל",false,,14.90,9.9333,true,1,87331
3607345265117,false,פיוז'ן ספריי גוף טים,,,פיוז'ן ספריי גוף טים,מיליליטרים,150.00,"100 מ""ל",false,,14.90,9.9333,true,1,52688
3608580730255,false,קונפיטורה משמש צרפתי,,,קונפיטורה משמש צרפתי,גרמים,370.00,100 גרם,false,,19.90,5.3784,true,1,75289
3800016703042,false,מלפפון סבא בחומץ 580,,,מלפפון סבא בחומץ 580,גרמים,580.00,100 גרם,false,,10.90,1.8793,true,1,74138
3800020472712,false,קיטקט צ'אנקי פופקורן,,,קיטקט צ'אנקי פופקורן,גרמים,42.00,100 גרם,false,,4.90,11.6667,true,1,137109
3800123604072,false,אסורטי סבא בחומץ 580,,,אסורטי סבא בחומץ 580,גרמים,580.00,100 גרם,false,,10.90,1.8793,true,1,74140
3838824127200,false,פאלטה-צבע לשיער חום,,,פאלטה-צבע לשיער חום,יחידה,0.00,יחידה,false,,19.90,0.0000,true,1,101290
3838824127224,false,פאלטה-צבע לשיער חום,,,פאלטה-צבע לשיער חום,יחידה,0.00,יחידה,false,,19.90,0.0000,true,1,97718
3838824127286,false,פאלטה-צבע לשיער בלונ,,,פאלטה-צבע לשיער בלונ,יחידה,0.00,יחידה,false,,19.90,0.0000,true,1,97721
3838824127644,false,פאלטה-צבע לשיער חציל,,,פאלטה-צבע לשיער חציל,יחידה,0.00,יחידה,false,,19.90,0.0000,true,1,75634
3838824193915,false,פאלטה-צבע לשיער שחור,,,פאלטה-צבע לשיער שחור,יחידה,0.00,יחידה,false,,19.90,0.0000,true,1,97723
4000417022004,false,שוקולד קולד ריטר צימ,,,שוקולד קולד ריטר צימ,גרמים,100.00,100 גרם,false,,9.90,9.9000,true,1,44616
4000417025005,false,שוקולד ריטר ספורט מר,,,שוקולד ריטר ספורט מר,גרמים,100.00,100 גרם,false,,9.90,9.9000,true,1,44623
4000417212009,false,שוקולד ריטר ספורט מר,,,שוקולד ריטר ספורט מר,גרמים,100.00,100 גרם,false,,9.90,9.9000,true,1,99677
4000417298003,false,שוקולד ריטר ספורט קו,,,שוקולד ריטר ספורט קו,גרמים,100.00,100 גרם,false,,9.90,9.9000,true,1,68832
4000522009747,false,ציו חטיף תפוחי אדמה,,,ציו חטיף תפוחי אדמה,גרמים,80.00,100 גרם,false,,4.90,6.1250,true,1,74481
4000522061752,false,בייגלה צ'יו מקלות 10,,,בייגלה צ'יו מקלות 10,גרמים,100.00,100 גרם,false,,4.90,4.9000,true,1,71070
4000539280726,false,שוקולד לינדט אקסלנס,,,שוקולד לינדט אקסלנס,גרמים,100.00,100 גרם,false,,15.90,15.9000,true,1,140295
4000539280740,false,שוקולד לינדט אקסלנס,,,שוקולד לינדט אקסלנס,גרמים,100.00,100 גרם,false,,15.90,15.9000,true,1,140439
4000869032569,false,הפי פרש מבשם ומטהר א,,,הפי פרש מבשם ומטהר א,גרמים,150.00,100 גרם,false,,8.90,5.9333,true,1,26831
4002448017684,false,סיליט באנג ספריי רב,קריות זול,,סיליט באנג ספריי רב,מיליליטרים,750.00,"100 מ""ל",false,,13.90,1.8533,true,1,31467
4002448019480,false,סיליט באנג ספריי מסי,,,סיליט באנג ספריי מסי,מיליליטרים,750.00,"100 מ""ל",false,,13.90,1.8533,true,1,31469
4002575016253,false,מרציפן 100גר,קריות זול,,מרציפן 100גר,גרמים,100.00,100 גרם,false,,9.90,9.9000,true,1,31961
4002590000039,false,סוכריות קלפני הדרים,קריות זול,,סוכריות קלפני הדרים,גרמים,150.00,100 גרם,false,,10.90,7.2667,true,1,101319
4002590000046,false,סוכריות קלפני מרענן,קריות זול,,סוכריות קלפני מרענן,גרמים,150.00,100 גרם,false,,10.90,7.2667,true,1,53610
4002631025069,false,בירה קוניגסבכר פחית,,,בירה קוניגסבכר פחית,מיליליטרים,500.00,"100 מ""ל",false,,5.90,1.1800,true,1,102483
4003754081000,false,מרציפן 100גר,,,מרציפן 100גר,גרמים,100.00,100 גרם,false,,8.90,8.9000,true,1,75760
4004715020755,false,פרינס אנד פרינסס קיש,,,פרינס אנד פרינסס קיש,גרמים,75.00,100 גרם,false,,14.90,19.8667,true,1,56557
4005808128631,false,ניוואה ג'ל רחצה תמצי,,,ניוואה ג'ל רחצה תמצי,מיליליטרים,500.00,"100 מ""ל",false,,14.90,2.9800,true,1,120626
4005808229390,false,ניוואה ג'ל רחצה לגבר,,,ניוואה ג'ל רחצה לגבר,מיליליטרים,500.00,"100 מ""ל",false,,14.90,2.9800,true,1,106454
4005808293469,false,ניוואה דאודורנט ספרי,,,ניוואה דאודורנט ספרי,מיליליטרים,150.00,"100 מ""ל",false,,14.90,9.9333,true,1,137650
4005808366392,false,שפתון לבלו כחול בליס,,,שפתון לבלו כחול בליס,יחידה,0.00,יחידה,false,,10.00,0.0000,true,1,102278
4005808368280,false,שפתון לבלו פירות בטע,,,שפתון לבלו פירות בטע,יחידה,0.00,יחידה,false,,10.00,0.0000,true,1,102279
4005808406029,false,ניוואה תחליב רחצה סו,,,ניוואה תחליב רחצה סו,מטרים,750.00,100 מ'ל,false,,14.90,1.9867,true,1,120628
4005808702107,false,ניוואה תחליב גוף לעו,,,ניוואה תחליב גוף לעו,מיליליטרים,500.00,"100 מ""ל",false,,19.90,3.9800,true,1,129028
4005808890507,false,ניוואה קרם סופט לחות,,,ניוואה קרם סופט לחות,מיליליטרים,200.00,"100 מ""ל",false,,29.90,14.9500,true,1,120613
4005808890576,false,ניוואה קרם ידיים שפו,,,ניוואה קרם ידיים שפו,יחידה,0.00,יחידה,false,,11.90,0.0000,true,1,120614
4005900036483,false,ניוואה דאו ספריי שקו,,,ניוואה דאו ספריי שקו,מיליליטרים,150.00,"100 מ""ל",false,,14.90,9.9333,true,1,120619
4005900036506,false,ניוואה דאו רול און ש,,,ניוואה דאו רול און ש,מיליליטרים,50.00,"100 מ""ל",false,,14.90,29.8000,true,1,102283
4005900036568,false,ניוואה דאו ספריי שקו,,,ניוואה דאו ספריי שקו,מיליליטרים,150.00,"100 מ""ל",false,,14.90,9.9333,true,1,120622
4005900037909,false,ניוואה דאו ספריי  אי,,,ניוואה דאו ספריי  אי,מטרים,150.00,100 מ'ל,false,,14.90,9.9333,true,1,120623
4005900494924,false,ניוואה דאו ספריי דרי,,,ניוואה דאו ספריי דרי,מיליליטרים,150.00,"100 מ""ל",false,,14.90,9.9333,true,1,120625
4005900513045,false,ניוואה דאו ספריי דיפ,,,ניוואה דאו ספריי דיפ,מטרים,150.00,100 מ'ל,false,,14.90,9.9333,true,1,120620
4005900521262,false,ניוואה ג'ל רחצה דיפ,,,ניוואה ג'ל רחצה דיפ,מטרים,500.00,100 מ'ל,false,,14.90,2.9800,true,1,120630
4005900555915,false,ניוואה תחליב רחצה קו,,,ניוואה תחליב רחצה קו,מטרים,750.00,100 מ'ל,false,,14.90,1.9867,true,1,120721
4005900633125,false,ניוואה מן דאו ספריי,,,ניוואה מן דאו ספריי,מטרים,150.00,100 מ'ל,false,,14.90,9.9333,true,1,139761
4005900648181,false,ניוואה תחליב רחצה אל,,,ניוואה תחליב רחצה אל,מטרים,750.00,100 מ'ל,false,,14.90,1.9867,true,1,136797
4005900730336,false,ניוואה רולאון לגבר ב,,,ניוואה רולאון לגבר ב,מיליליטרים,50.00,"100 מ""ל",false,,14.90,29.8000,true,1,140699
4005900833723,false,ניוואה ג'ל רחצה  לגב,,,ניוואה ג'ל רחצה  לגב,מיליליטרים,500.00,"100 מ""ל",false,,14.90,2.9800,true,1,137421
4005900845733,false,ניוואה מן דאודורנט ס,,,ניוואה מן דאודורנט ס,מיליליטרים,150.00,"100 מ""ל",false,,14.90,9.9333,true,1,137140
4006529002170,false,עוגיות גולד רינג 400,,,עוגיות גולד רינג 400,גרמים,400.00,100 גרם,false,,8.90,2.2250,true,1,89748
4008102002867,false,גרגרי להכנת משקה בטע,קריות זול,,גרגרי להכנת משקה בטע,גרמים,400.00,100 גרם,false,,17.90,4.4750,true,1,31974
4008287058161,false,שישיית בירת קרומבכר,,,שישיית בירת קרומבכר,מיליליטרים,1980.00,"100 מ""ל",false,,29.90,1.5101,true,1,136813
4008400290423,false,קינדר פינגווי עוגת ס,,,קינדר פינגווי עוגת ס,גרמים,120.00,100 גרם,false,,14.50,12.0833,true,1,137182
4009300522935,false,פומפדור תה ירוק לימו,,,פומפדור תה ירוק לימו,גרמים,30.00,100 גרם,false,,17.90,59.6667,true,1,71692
4009300524588,false,פומפדור חליטת תה פיר,,,פומפדור חליטת תה פיר,גרמים,60.00,100 גרם,false,,14.90,24.8333,true,1,48317
4009300525684,false,פומפדור חליטות גינגר,,,פומפדור חליטות גינגר,יחידה,0.00,יחידה,false,,14.90,0.0000,true,1,65408
4009300526438,false,פומפדור תה ירוק קלאס,,,פומפדור תה ירוק קלאס,יחידה,0.00,יחידה,false,,17.90,0.0000,true,1,71572
4009900013581,false,אורביט סטיקס בטעם ספ,,,אורביט סטיקס בטעם ספ,יחידה,0.00,יחידה,false,,10.90,0.0000,true,1,69399
4009900402965,false,אורביט ווייט בקבוקון,,,אורביט ווייט בקבוקון,גרמים,65.00,100 גרם,false,,10.90,16.7692,true,1,67291
4009900403023,false,אורביט ווייט בקבוקון,,,אורביט ווייט בקבוקון,גרמים,64.00,100 גרם,false,,10.90,17.0313,true,1,67292
4009900406918,false,הובה בובה טריפל מיקס,קריות זול,,הובה בובה טריפל מיקס,גרמים,56.00,100 גרם,false,,7.90,14.1071,true,1,39829
4009900420129,false,אורביט פרופשיונל פפר,,,אורביט פרופשיונל פפר,גרמים,64.00,100 גרם,false,,10.90,17.0313,true,1,99243
4009900426039,false,איירוויבז מנטה אקליפ,,,איירוויבז מנטה אקליפ,גרמים,64.00,100 גרם,false,,10.90,17.0313,true,1,90675
4009900426121,false,איירוויבז אוכמניות ב,,,איירוויבז אוכמניות ב,גרמים,64.00,100 גרם,false,,10.90,17.0313,true,1,90677
4009900455299,false,סקיטלס בטעם פירות 17,,,סקיטלס בטעם פירות 17,גרמים,174.00,100 גרם,false,,9.90,5.6897,true,1,71889
4009900465304,false,סקיטלס בטעם פירות חמ,,,סקיטלס בטעם פירות חמ,גרמים,174.00,100 גרם,false,,9.90,5.6897,true,1,71890
4009900479998,false,אורביט אוכמניות בקבו,,,אורביט אוכמניות בקבו,יחידה,0.00,יחידה,false,,10.90,0.0000,true,1,72183
4009900482417,false,אורביט באבל מינט בקב,,,אורביט באבל מינט בקב,יחידה,0.00,יחידה,false,,10.90,0.0000,true,1,67976
4009900484091,false,אורביט בקבוק בטעם ספ,,,אורביט בקבוק בטעם ספ,גרמים,84.00,100 גרם,false,,14.50,17.2619,true,1,68891
4009900487283,false,אורביט סטיקס בטעם פי,,,אורביט סטיקס בטעם פי,יחידה,0.00,יחידה,false,,10.90,0.0000,true,1,69401
4009900509770,false,אורביט בקבוק בטעם תו,,,אורביט בקבוק בטעם תו,יח',60.00,יח',false,,14.50,0.2417,true,1,89766
4009900521581,false,סוכריות אורביט מינטס,,,סוכריות אורביט מינטס,גרמים,77.00,100 גרם,false,,10.00,12.9870,true,1,95009
4009900521611,false,סוכריות אורביט מינטס,,,סוכריות אורביט מינטס,גרמים,77.00,100 גרם,false,,10.00,12.9870,true,1,95010
4009900531122,false,אורביט פרופשיונל פפר,,,אורביט פרופשיונל פפר,גרמים,64.00,100 גרם,false,,10.90,17.0313,true,1,99244
4009900536257,false,אורביט רפרשרס ספירמי,,,אורביט רפרשרס ספירמי,גרמים,67.00,100 גרם,false,,12.90,19.2537,true,1,136034
4009900536288,false,אורביט רפרשרס פפרמינ,,,אורביט רפרשרס פפרמינ,גרמים,67.00,100 גרם,false,,12.90,19.2537,true,1,136036
4009900540551,false,אורביט רפרשרס טרופיק,,,אורביט רפרשרס טרופיק,גרמים,67.00,100 גרם,false,,12.90,19.2537,true,1,139133
4011800528416,false,קורני בייס סויט&סול,,,קורני בייס סויט&סול,גרמים,150.00,100 גרם,false,,12.90,8.6000,true,1,128398
4011800567613,false,קורני סנדביץ שחור לב,,,קורני סנדביץ שחור לב,גרמים,120.00,100 גרם,false,,12.90,10.7500,true,1,70799
4011800628512,false,קורני חטיף דגנים עם,,,קורני חטיף דגנים עם,גרמים,150.00,100 גרם,false,,12.90,8.6000,true,1,70080
4011800629519,false,קורני חטיף דגנים עם,,,קורני חטיף דגנים עם,גרמים,150.00,100 גרם,false,,12.90,8.6000,true,1,70081
4011800630515,false,קורני חטיף דגנים עם,,,קורני חטיף דגנים עם,גרמים,150.00,100 גרם,false,,12.90,8.6000,true,1,70082
4011800632519,false,קורני חטיף דגנים עם,,,קורני חטיף דגנים עם,גרמים,150.00,100 גרם,false,,12.90,8.6000,true,1,70084
4011800633516,false,קורני חטיף דגנים עם,,,קורני חטיף דגנים עם,גרמים,150.00,100 גרם,false,,12.90,8.6000,true,1,70085
4011800635510,false,קורני פרי חטיף דגנים,,,קורני פרי חטיף דגנים,גרמים,120.00,100 גרם,false,,12.90,10.7500,true,1,70086
4011800636517,false,קורני פרי חטיף דגנים,,,קורני פרי חטיף דגנים,גרמים,120.00,100 גרם,false,,12.90,10.7500,true,1,70087
4011800637514,false,קורני פרי חטיף דגנים,,,קורני פרי חטיף דגנים,גרמים,120.00,100 גרם,false,,12.90,10.7500,true,1,70088
4014400904307,false,סוכריות קליפרניה 425,קריות זול,,סוכריות קליפרניה 425,גרמים,425.00,100 גרם,false,,16.90,3.9765,true,1,31984
4014400904376,false,סוכריות שוקולדן 325ג,קריות זול,,סוכריות שוקולדן 325ג,גרמים,325.00,100 גרם,false,,16.90,5.2000,true,1,31986
4014400904390,false,סוכריות וולמילש 325ג,קריות זול,,סוכריות וולמילש 325ג,גרמים,325.00,100 גרם,false,,16.90,5.2000,true,1,31987
4014400907902,false,סוכריות וורטר ללא סו,,,סוכריות וורטר ללא סו,גרמים,42.00,100 גרם,false,,7.70,18.3333,true,1,51699
4014400910063,false,סוכריות וורטר שקית 1,,,סוכריות וורטר שקית 1,גרמים,135.00,100 גרם,false,,10.90,8.0741,true,1,51252
4014400913910,false,סוכריות וורטר ללא סו,,,סוכריות וורטר ללא סו,גרמים,125.00,100 גרם,false,,10.90,8.7200,true,1,71554
4014400914696,false,סוכריות וורטר ללא סו,,,סוכריות וורטר ללא סו,גרמים,80.00,100 גרם,false,,10.90,13.6250,true,1,52448
4014400914924,false,סוכריות וורטר ללא סו,,,סוכריות וורטר ללא סו,גרמים,80.00,100 גרם,false,,10.90,13.6250,true,1,52449
4014400920857,false,סוכריות וורטר בטעם ש,,,סוכריות וורטר בטעם ש,גרמים,70.00,100 גרם,false,,10.90,15.5714,true,1,73231
4014400923711,false,טופיפי 125גרם,קריות זול,,טופיפי 125גרם,גרמים,125.00,100 גרם,false,,13.90,11.1200,true,1,91661
4014400925319,false,פופקורן קרמל וורטרס,,,פופקורן קרמל וורטרס,גרמים,140.00,100 גרם,false,,14.90,10.6429,true,1,128481
4014400929010,false,וופל מיני קנופרס 200,,,וופל מיני קנופרס 200,גרמים,200.00,100 גרם,false,,21.90,10.9500,true,1,140678
4014400931327,false,פופקורן וורטרס אורגי,,,פופקורן וורטרס אורגי,גרמים,140.00,100 גרם,false,,14.90,10.6429,true,1,139916
4014600204061,false,סוכריות בפח בטעם אפר,,,סוכריות בפח בטעם אפר,גרמים,150.00,100 גרם,false,,8.90,5.9333,true,1,94753
4015000615921,false,פה ספריי ספורט 200מל,,,פה ספריי ספורט 200מל,מיליליטרים,200.00,"100 מ""ל",false,,15.90,7.9500,true,1,30038
4015000940955,false,גליס אולטימט ריפייר,,,גליס אולטימט ריפייר,מיליליטרים,400.00,"100 מ""ל",false,,15.90,3.9750,true,1,101297
4015100298000,false,גליס מסכה עשירה גליס,,,גליס מסכה עשירה גליס,מיליליטרים,300.00,"100 מ""ל",false,,19.90,6.6333,true,1,113483
4015400681670,false,אולוויז תחבושות לילה,,,אולוויז תחבושות לילה,יחידה,0.00,יחידה,false,,19.90,0.0000,true,1,76408
4015400731719,false,אולוויז תחבושות דואו,,,אולוויז תחבושות דואו,יחידה,0.00,יחידה,false,,19.90,0.0000,true,1,77124
4015400755241,false,אולוויז תחבושות דואו,,,אולוויז תחבושות דואו,יחידה,0.00,יחידה,false,,19.90,0.0000,true,1,77125
4015400755487,false,אולוויז תחבושות דואו,,,אולוויז תחבושות דואו,יחידה,0.00,יחידה,false,,19.90,0.0000,true,1,77127
4015400759171,false,אולוויז תחבושות אולט,קריות זול,,אולוויז תחבושות אולט,יחידה,0.00,יחידה,false,,14.90,0.0000,true,1,99367
4015600762780,false,הד&שולדרס שמפו קלאסי,,,הד&שולדרס שמפו קלאסי,מיליליטרים,500.00,"100 מ""ל",false,,23.90,4.7800,true,1,68121
4015600762902,false,הד&שולדרס שמפו מנטול,,,הד&שולדרס שמפו מנטול,מיליליטרים,500.00,"100 מ""ל",false,,23.90,4.7800,true,1,68124
4015600762940,false,הד&שולדרס שמפו תפוח,,,הד&שולדרס שמפו תפוח,מיליליטרים,500.00,"100 מ""ל",false,,23.90,4.7800,true,1,68125
4015600763022,false,הד&שולדרס שמפו מגע מ,,,הד&שולדרס שמפו מגע מ,מיליליטרים,500.00,"100 מ""ל",false,,23.90,4.7800,true,1,68127
4017100198151,false,עוגיות סנדוויץ היט ו,,,עוגיות סנדוויץ היט ו,גרמים,220.00,100 גרם,false,,9.90,4.5000,true,1,73246
4017100366239,false,בלזן ליבניץ אנד קרים,,,בלזן ליבניץ אנד קרים,גרמים,190.00,100 גרם,false,,8.90,4.6842,true,1,102878
4033100024146,false,וינסטון קוד,,,וינסטון קוד,יחידה,0.00,יחידה,false,,32.00,0.0000,false,1,65722
4052197000017,false,בירה בהירה בנדקטינר,,,בירה בהירה בנדקטינר,מיליליטרים,500.00,"100 מ""ל",false,,10.90,2.1800,true,1,92035
4052197000925,false,בירה כהה בנדיקטינר 5,,,בירה כהה בנדיקטינר 5,מיליליטרים,500.00,"100 מ""ל",false,,10.90,2.1800,true,1,92038
4053700292455,false,ויט רצועות שעווה לעו,,,ויט רצועות שעווה לעו,יחידה,0.00,יחידה,false,,34.90,0.0000,true,1,90811
4064666232409,false,וולה פלקס מוס לעיצוב,,,וולה פלקס מוס לעיצוב,מיליליטרים,200.00,"100 מ""ל",false,,25.90,12.9500,true,1,140965
4064666232416,false,וולה פלקס מוס לעיצוב,,,וולה פלקס מוס לעיצוב,מיליליטרים,200.00,"100 מ""ל",false,,25.90,12.9500,true,1,140966
4066600601920,false,בירה פאולנר פחית 500,,,בירה פאולנר פחית 500,מיליליטרים,500.00,"100 מ""ל",false,,13.90,2.7800,true,1,135136
4066600999614,false,בירה פאולנר 500מל,,,בירה פאולנר 500מל,מיליליטרים,500.00,"100 מ""ל",false,,13.90,2.7800,true,1,93221
4084500088917,false,פיירי נוזל לכלים צהו,,,פיירי נוזל לכלים צהו,מיליליטרים,650.00,"100 מ""ל",false,,10.90,1.6769,true,1,71865
4084500853553,false,פיירי נוזל לכלים ירו,,,פיירי נוזל לכלים ירו,מיליליטרים,650.00,"100 מ""ל",false,,10.90,1.6769,true,1,74425
4084500853898,false,פיירי לכלים אלוורה ו,,,פיירי לכלים אלוורה ו,מיליליטרים,515.00,"100 מ""ל",false,,10.90,2.1165,true,1,138163
4100130937163,false,בירה גרמנית בקס שישי,,,בירה גרמנית בקס שישי,מיליליטרים,1650.00,"100 מ""ל",false,,29.90,1.8121,true,1,113093
4102430003418,false,בירה ביטבורגר פחיות,,,בירה ביטבורגר פחיות,מיליליטרים,3000.00,"100 מ""ל",false,,36.90,1.2300,true,1,92043
4260147890513,false,אטריות ורמיצ'לי ביצי,,,אטריות ורמיצ'לי ביצי,גרמים,500.00,100 גרם,false,,9.90,1.9800,true,1,56283
4260147890537,false,אטריות ביצים ברצועות,,,אטריות ביצים ברצועות,גרמים,500.00,100 גרם,false,,9.90,1.9800,true,1,56284
4260147890551,false,אטריות ביצים רצועות,,,אטריות ביצים רצועות,גרמים,500.00,100 גרם,false,,9.90,1.9800,true,1,56280
4600659010854,false,*מבצע* וודקה סטולי 7,,,*מבצע* וודקה סטולי 7,מיליליטרים,700.00,"100 מ""ל",false,,60.00,8.5714,true,1,52255
4605561010343,false,פילה דג הרינג בשמן ח,,,פילה דג הרינג בשמן ח,גרמים,500.00,100 גרם,false,,27.90,5.5800,true,1,136505
4605561012613,false,פילה הרינג (קצוץ) בש,,,פילה הרינג (קצוץ) בש,גרמים,400.00,100 גרם,false,,17.90,4.4750,true,1,128007
4605561013009,false,פילה הרינג בשמן 400,,,פילה הרינג בשמן 400,גרמים,400.00,100 גרם,false,,17.90,4.4750,true,1,128008
4607054451718,false,גרעינים שחורים 230 ג,,,גרעינים שחורים 230 ג,גרמים,230.00,100 גרם,false,,10.90,4.7391,true,1,107550
4607054451831,false,גרעינים שחורים עם מל,,,גרעינים שחורים עם מל,גרמים,200.00,100 גרם,false,,10.90,5.4500,true,1,107552
4607132825004,false,חלבה חמניות טימושה 5,,,חלבה חמניות טימושה 5,גרמים,500.00,100 גרם,false,,7.90,1.5800,true,1,136556
4640018993398,false,פיניש קוואנטום 60 קפ,,,פיניש קוואנטום 60 קפ,יח',60.00,יח',false,,55.90,0.9317,true,1,128087
4710068001715,false,מאסטר קפה טרמיסו 240,,,מאסטר קפה טרמיסו 240,מיליליטרים,240.00,"100 מ""ל",false,,8.20,3.4167,true,1,71758
4710964170799,false,שומשום שחור קלוי 91ג,,,שומשום שחור קלוי 91ג,גרמים,91.00,100 גרם,false,,16.90,18.5714,true,1,56452
4751001581475,false,שימורי דג ריגה זהב ק,,,שימורי דג ריגה זהב ק,גרמים,280.00,100 גרם,false,,8.90,3.1786,true,1,89523
4770179106976,false,שוקולד פרגלה מריר עם,,,שוקולד פרגלה מריר עם,גרמים,93.00,100 גרם,false,,6.90,7.4194,true,1,97648
4770179120620,false,סוכריות ג'לי בטעם פי,,,סוכריות ג'לי בטעם פי,גרמים,1000.00,100 גרם,false,,24.90,2.4900,true,1,140491
4770179125076,false,שוקולד פרגלה מריר עם,,,שוקולד פרגלה מריר עם,גרמים,100.00,100 גרם,false,,6.90,6.9000,true,1,97652
4770179125144,false,שוקולד פרגלה מריר עם,,,שוקולד פרגלה מריר עם,גרמים,100.00,100 גרם,false,,6.90,6.9000,true,1,97654
4770237048088,false,גלידה יוגורט אוכמניו,,,גלידה יוגורט אוכמניו,יחידה,0.00,יחידה,false,,6.50,0.0000,true,1,91762
4770237049313,false,אסקימו עגול פלומביר,,,אסקימו עגול פלומביר,יחידה,0.00,יחידה,false,,6.50,0.0000,true,1,91765
4770237049450,false,פלומביר גלידה בכוס 7,,,פלומביר גלידה בכוס 7,יחידה,0.00,יחידה,false,,6.50,0.0000,true,1,91767
4770237050432,false,פלומביר גלידה שוקולד,,,פלומביר גלידה שוקולד,יחידה,0.00,יחידה,false,,6.50,0.0000,true,1,91768
4770237055567,false,גלידה SVALYA אסקימו,,,גלידה SVALYA אסקימו,גרמים,63.00,100 גרם,false,,6.50,10.3175,true,1,98050
4770275045353,false,חמאה 200 גרם SVALIA,,,חמאה 200 גרם SVALIA,גרמים,200.00,100 גרם,false,,13.90,6.9500,true,1,102921
4770275048019,false,חמאה מלוחה 200 גרם S,,,חמאה מלוחה 200 גרם S,גרמים,200.00,100 גרם,false,,13.90,6.9500,true,1,102922
4779021230654,false,שוקולד אקסקלוסיב מרי,,,שוקולד אקסקלוסיב מרי,גרמים,100.00,100 גרם,false,,9.90,9.9000,true,1,102826
4810168000066,false,פילה דג הרינג מלוח מ,,,פילה דג הרינג מלוח מ,גרמים,250.00,100 גרם,false,,14.90,5.9600,true,1,99334
4810168018795,false,חתיכות פילה דג הרינג,,,חתיכות פילה דג הרינג,גרמים,200.00,100 גרם,false,,14.90,7.4500,true,1,99337
4810168019051,false,חתיכות פילה דג הרינג,,,חתיכות פילה דג הרינג,גרמים,200.00,100 גרם,false,,14.90,7.4500,true,1,99338
4810168038977,false,גלידה YUKKI פלומביר,,,גלידה YUKKI פלומביר,גרמים,70.00,100 גרם,false,,6.50,9.2857,true,1,98172
4810168038984,false,גלידה YUKKI פלומביר,,,גלידה YUKKI פלומביר,גרמים,70.00,100 גרם,false,,6.50,9.2857,true,1,98173
4810168049966,false,בלינצ'ס במילוי דובדב,,,בלינצ'ס במילוי דובדב,גרמים,360.00,100 גרם,false,,13.90,3.8611,true,1,137164
4810168051570,false,"בלינצ'ס במילוי תפו""ץ",,,"בלינצ'ס במילוי תפו""ץ",גרמים,360.00,100 גרם,false,,13.90,3.8611,true,1,137165
4810168055011,false,כיסונים במילוי גבינת,,,כיסונים במילוי גבינת,גרמים,450.00,100 גרם,false,,15.90,3.5333,true,1,137155
4810168058975,false,חתיכות פילה דג הרינג,,,חתיכות פילה דג הרינג,גרמים,260.00,100 גרם,false,,18.90,7.2692,true,1,140334
4810168058982,false,חתיכות פילה דג הרינג,,,חתיכות פילה דג הרינג,גרמים,400.00,100 גרם,false,,27.90,6.9750,true,1,140335
4810322005944,false,שמן קנולה מזוכך 850מ,,,שמן קנולה מזוכך 850מ,מיליליטרים,850.00,"100 מ""ל",false,,10.90,1.2824,true,1,137955
4820015165213,false,גלידה  פלומביר בריקט,,,גלידה  פלומביר בריקט,גרמים,90.00,100 גרם,false,,6.50,7.2222,true,1,107000
4820076682117,false,שמן חמניות 850מל,,,שמן חמניות 850מל,מיליליטרים,850.00,"100 מ""ל",false,,10.90,1.2824,true,1,139252
4820198873288,false,תה ירוק סיני קלאסי 1,,,תה ירוק סיני קלאסי 1,יחידה,0.00,יחידה,false,,10.90,0.0000,true,1,141295
4820198873295,false,תה ירוק 1.8עם נענע ב,,,תה ירוק 1.8עם נענע ב,יחידה,0.00,יחידה,false,,10.90,0.0000,true,1,141296
4820198873332,false,תה שחור מיקס ארבע טע,,,תה שחור מיקס ארבע טע,יחידה,0.00,יחידה,false,,10.90,0.0000,true,1,141293
4820198874063,false,חליטת פירות וצמחים 2,,,חליטת פירות וצמחים 2,יחידה,0.00,יחידה,false,,10.90,0.0000,true,1,141298
4823077602863,false,"סוכריות ג'לי רושן ""ק",,,"סוכריות ג'לי רושן ""ק",גרמים,200.00,100 גרם,false,,7.90,3.9500,true,1,136473
4823077608513,false,סוכריות קורובקה 205ג,,,סוכריות קורובקה 205ג,גרמים,205.00,100 גרם,false,,7.90,3.8537,true,1,91517
4823077612732,false,סוכריות בים בום 200,,,סוכריות בים בום 200,גרמים,200.00,100 גרם,false,,7.90,3.9500,true,1,99901
4823077613203,false,שוקולד מריר+פונדוק ש,,,שוקולד מריר+פונדוק ש,גרמים,90.00,100 גרם,false,,8.90,9.8889,true,1,91503
4823077613630,false,חטיף שוקולד רושן ממו,,,חטיף שוקולד רושן ממו,גרמים,43.00,100 גרם,false,,3.90,9.0698,true,1,135422
4823077614675,false,ביסקוויט לקפה רושן ב,,,ביסקוויט לקפה רושן ב,גרמים,185.00,100 גרם,false,,3.90,2.1081,true,1,140652
4823077614699,false,ביסקוויט לקפה רושן ב,,,ביסקוויט לקפה רושן ב,גרמים,185.00,100 גרם,false,,3.90,2.1081,true,1,140651
4823077617041,false,באטונציק קרמל 40גר,,,באטונציק קרמל 40גר,גרמים,40.00,100 גרם,false,,3.90,9.7500,true,1,91492
4823077621635,false,וופל רושן בטעם חלב 7,,,וופל רושן בטעם חלב 7,גרמים,72.00,100 גרם,false,,3.90,5.4167,true,1,137560
4823077621642,false,וופל רושן בטעם שוקול,,,וופל רושן בטעם שוקול,גרמים,72.00,100 גרם,false,,3.90,5.4167,true,1,137561
4823077621659,false,וופל רושן בטעם אגוז,,,וופל רושן בטעם אגוז,גרמים,72.00,100 גרם,false,,3.90,5.4167,true,1,137562
4823077623714,false,סוכריות כוס חלב 150,,,סוכריות כוס חלב 150,גרמים,150.00,100 גרם,false,,7.90,5.2667,true,1,98983
4823077624223,false,סוכריות ג'לי בוני פר,,,סוכריות ג'לי בוני פר,גרמים,200.00,100 גרם,false,,7.90,3.9500,true,1,100686
4823077624247,false,סוכריות ג'לי בוני פר,,,סוכריות ג'לי בוני פר,גרמים,200.00,100 גרם,false,,7.90,3.9500,true,1,98928
4823077625145,false,בונבוניירה דובדבן+לי,,,בונבוניירה דובדבן+לי,גרמים,155.00,100 גרם,false,,12.90,8.3226,true,1,99715
4823077625589,false,וופל רושן בטעם חלב 2,,,וופל רושן בטעם חלב 2,גרמים,216.00,100 גרם,false,,7.90,3.6574,true,1,136459
4823077625602,false,וופל רושן בטעם שוקול,,,וופל רושן בטעם שוקול,גרמים,216.00,100 גרם,false,,7.90,3.6574,true,1,136460
4823077625626,false,וופל רושן בטעם אגוז,,,וופל רושן בטעם אגוז,גרמים,216.00,100 גרם,false,,7.90,3.6574,true,1,136461
4823077626203,false,שוקולד רושן אוורירי,,,שוקולד רושן אוורירי,גרמים,80.00,100 גרם,false,,7.90,9.8750,true,1,106716
4823077626227,false,שוקולד רושן אוורירי,,,שוקולד רושן אוורירי,גרמים,80.00,100 גרם,false,,7.90,9.8750,true,1,106717
4823077626241,false,שוקולד רושן אוורירי,,,שוקולד רושן אוורירי,גרמים,80.00,100 גרם,false,,7.90,9.8750,true,1,106718
4823077626364,false,שוקולד רושן אוורירי,,,שוקולד רושן אוורירי,גרמים,80.00,100 גרם,false,,7.90,9.8750,true,1,106719
4823077630057,false,חמאה רושן 200 גרם 82,,,חמאה רושן 200 גרם 82,גרמים,200.00,100 גרם,false,,10.90,5.4500,true,1,136063
4823077630637,false,סוכריות מקל רושן קול,,,סוכריות מקל רושן קול,גרמים,920.00,100 גרם,false,,25.90,2.8152,true,1,136478
4823077630743,false,סוכריות מקל רושן קוק,,,סוכריות מקל רושן קוק,גרמים,800.00,100 גרם,false,,25.90,3.2375,true,1,136481
4823077630996,false,סנדוויץ' קרקר קקאו א,,,סנדוויץ' קרקר קקאו א,גרמים,235.00,100 גרם,false,,9.90,4.2128,true,1,137020
4823077631467,false,קרקר עם מלח ים רושן,,,קרקר עם מלח ים רושן,גרמים,168.00,100 גרם,false,,6.90,4.1071,true,1,137021
4823077631474,false,קרקר קלאסי רושן 168,,,קרקר קלאסי רושן 168,גרמים,168.00,100 גרם,false,,6.90,4.1071,true,1,137022
4823077632112,false,וופל רושן בטעם קקאו,,,וופל רושן בטעם קקאו,גרמים,216.00,100 גרם,false,,7.90,3.6574,true,1,136462
4823077632259,false,חטיף שוקולד רושן עם,,,חטיף שוקולד רושן עם,גרמים,43.00,100 גרם,false,,3.90,9.0698,true,1,135423
4823077632570,false,שוקולד רושן מריר 85,,,שוקולד רושן מריר 85,גרמים,85.00,100 גרם,false,,7.90,9.2941,true,1,136965
4823077633317,false,עוגיות לוויטה שוקולד,,,עוגיות לוויטה שוקולד,גרמים,150.00,100 גרם,false,,7.90,5.2667,true,1,136465
4823077633324,false,עוגיות שוקוציפס לווי,,,עוגיות שוקוציפס לווי,גרמים,150.00,100 גרם,false,,7.90,5.2667,true,1,136466
4823077633331,false,עוגיות רושן לוויטהבט,,,עוגיות רושן לוויטהבט,גרמים,150.00,100 גרם,false,,7.90,5.2667,true,1,136467
4823077633348,false,עוגיות רושן לוויטה ע,,,עוגיות רושן לוויטה ע,גרמים,150.00,100 גרם,false,,7.90,5.2667,true,1,136468
4823077633508,false,רושן חטיף וופל במילו,,,רושן חטיף וופל במילו,גרמים,34.00,100 גרם,false,,3.90,11.4706,true,1,140649
4823077633515,false,רושן חטיף וופל במילו,,,רושן חטיף וופל במילו,גרמים,34.00,100 גרם,false,,3.90,11.4706,true,1,140650
4823077633690,false,בונבוניירה רושן שוטר,,,בונבוניירה רושן שוטר,גרמים,150.00,100 גרם,false,,12.90,8.6000,true,1,137605
4823077634178,false,עוגיות רושן לוויטה ב,,,עוגיות רושן לוויטה ב,גרמים,168.00,100 גרם,false,,7.90,4.7024,true,1,137943
4823077634192,false,עוגיות רושן לוויטה ב,,,עוגיות רושן לוויטה ב,גרמים,168.00,100 גרם,false,,7.90,4.7024,true,1,137946
4823077634222,false,עוגיות תפוז לוויטה 1,,,עוגיות תפוז לוויטה 1,גרמים,135.00,100 גרם,false,,7.90,5.8519,true,1,137610
4823077634246,false,עוגיות פטל לוויטה 13,,,עוגיות פטל לוויטה 13,גרמים,135.00,100 גרם,false,,7.90,5.8519,true,1,137608
4823077634277,false,עוגיות תות שדה לוויט,,,עוגיות תות שדה לוויט,גרמים,135.00,100 גרם,false,,7.90,5.8519,true,1,137609
4823077634369,false,שוקולד רושן חלב אוור,,,שוקולד רושן חלב אוור,גרמים,85.00,100 גרם,false,,7.90,9.2941,true,1,140443
4823077634376,false,שוקולד רושן חלב אוור,,,שוקולד רושן חלב אוור,גרמים,85.00,100 גרם,false,,7.90,9.2941,true,1,140444
4823077634741,false,עוגיות רושן לוויטה ב,,,עוגיות רושן לוויטה ב,גרמים,168.00,100 גרם,false,,7.90,4.7024,true,1,137945
4823077635489,false,*מבצע* חטיף וופל רוש,,,*מבצע* חטיף וופל רוש,גרמים,350.00,100 גרם,false,,15.90,4.5429,true,1,138836
4823077635793,false,וופלים  דקיקים רושן,,,וופלים  דקיקים רושן,גרמים,55.00,100 גרם,false,,4.90,8.9091,true,1,141286
4823077636004,false,עוגיות קקאו דובדבן ל,,,עוגיות קקאו דובדבן ל,גרמים,135.00,100 גרם,false,,7.90,5.8519,true,1,138645
4823077636172,false,וופל רושן בטעם לימון,,,וופל רושן בטעם לימון,גרמים,216.00,100 גרם,false,,7.90,3.6574,true,1,139973
4823077636547,false,סוכריות ממולאות בטעם,,,סוכריות ממולאות בטעם,גרמים,468.00,100 גרם,false,,11.90,2.5427,true,1,139635
4823077636561,false,סוכריות ממולאות בטעם,,,סוכריות ממולאות בטעם,גרמים,378.00,100 גרם,false,,11.90,3.1481,true,1,139637
4823084201134,false,תה שחור ליפטון פירמי,,,תה שחור ליפטון פירמי,יח',20.00,יח',false,,9.90,0.4950,true,1,106785
4823084201196,false,תה שחור ליפטון פירמי,,,תה שחור ליפטון פירמי,יח',20.00,יח',false,,9.90,0.4950,true,1,106786
4823097809754,false,גלידת שמנת משובחת ונ,,,גלידת שמנת משובחת ונ,גרמים,90.00,100 גרם,false,,6.50,7.2222,true,1,136447
4903001904192,false,רוטב סויה יאמסה 500מ,,,רוטב סויה יאמסה 500מ,מיליליטרים,500.00,"100 מ""ל",false,,19.90,3.9800,true,1,55790
4903001925784,false,רוטב סויה יאמסה מופח,,,רוטב סויה יאמסה מופח,מיליליטרים,500.00,"100 מ""ל",false,,19.90,3.9800,true,1,94106
4903001930993,false,רוטב טריאקי ימאסה 50,,,רוטב טריאקי ימאסה 50,מיליליטרים,500.00,"100 מ""ל",false,,19.90,3.9800,true,1,94107
4903001945706,false,רוטב פונדו יאמסה 500,,,רוטב פונדו יאמסה 500,מיליליטרים,500.00,"100 מ""ל",false,,19.90,3.9800,true,1,140010
5000146057710,false,וינדולין ספריי לחלונ,קריות זול,,וינדולין ספריי לחלונ,מיליליטרים,750.00,"100 מ""ל",false,,8.90,1.1867,true,1,31473
5000146401568,false,ווליט לכביסה שומרי צ,קריות זול,,ווליט לכביסה שומרי צ,יחידה,0.00,יחידה,false,,16.90,0.0000,true,1,32619
5000157143365,false,מתבל בטעם מיונז וקטש,,,מתבל בטעם מיונז וקטש,גרמים,425.00,100 גרם,false,,14.90,3.5059,true,1,112739
5000159020312,false,מלטיזרס חטיף 37גר,,,מלטיזרס חטיף 37גר,גרמים,37.00,100 גרם,false,,4.90,13.2432,true,1,31307
5000159461122,false,סניקרס חטיף שוקולד 5,,,סניקרס חטיף שוקולד 5,גרמים,50.00,100 גרם,false,,3.90,7.8000,true,1,67958
5000189974579,false,קיט קט מיני 200 גרם,,,קיט קט מיני 200 גרם,גרמים,200.00,100 גרם,false,,10.90,5.4500,true,1,97919
5000204114928,false,גלייד מטהר אוויר איר,,,גלייד מטהר אוויר איר,מיליליטרים,300.00,"100 מ""ל",false,,10.90,3.6333,true,1,112059
5000204115048,false,גלייד מטהר אוויר איר,,,גלייד מטהר אוויר איר,מיליליטרים,300.00,"100 מ""ל",false,,10.90,3.6333,true,1,112061
5000204151022,false,פלדג' אירוסול לניקוי,,,פלדג' אירוסול לניקוי,מיליליטרים,250.00,"100 מ""ל",false,,17.90,7.1600,true,1,120530
5000204657883,false,קיווי משחת נעליים בק,,,קיווי משחת נעליים בק,יחידה,0.00,יחידה,false,,8.90,0.0000,true,1,66938
5000204658187,false,קיווי נוזל נעליים שח,,,קיווי נוזל נעליים שח,יחידה,0.00,יחידה,false,,19.90,0.0000,true,1,66941
5000204886566,false,פלדג' שמן לרהיטים 47,קריות זול,,פלדג' שמן לרהיטים 47,מיליליטרים,475.00,"100 מ""ל",false,,33.90,7.1368,true,1,25297
5000267014234,false,וויסקי ג'וני ווקר רד,,,וויסקי ג'וני ווקר רד,מיליליטרים,700.00,"100 מ""ל",false,,89.90,12.8429,true,1,45335
5000267024233,false,גוני ווקר שחור 700 מ,,,גוני ווקר שחור 700 מ,מיליליטרים,700.00,"100 מ""ל",false,,129.90,18.5571,true,1,65303
5000394017641,false,סוללות דורסל רביעייה,,,סוללות דורסל רביעייה,יחידה,0.00,יחידה,false,,9.90,0.0000,true,1,89462
5010029221701,false,וויטביקס פרוטאין ביס,,,וויטביקס פרוטאין ביס,גרמים,440.00,100 גרם,false,,29.90,6.7955,true,1,101809
5010038454831,false,"בירה בלו מון 330 מ""ל",,,"בירה בלו מון 330 מ""ל",מיליליטרים,330.00,"100 מ""ל",false,,14.90,4.5152,true,1,102917
5010182997253,false,רייד קוטל ג'וקים 400,קריות זול,,רייד קוטל ג'וקים 400,מיליליטרים,400.00,"100 מ""ל",false,,13.90,3.4750,true,1,25303
5010182997338,false,טואלט דאק ג'ל אסלה ב,קריות זול,,טואלט דאק ג'ל אסלה ב,מיליליטרים,55.00,"100 מ""ל",false,,9.90,18.0000,true,1,25304
5010182997918,false,טואלט דאק ג'ל אסלה ב,קריות זול,,טואלט דאק ג'ל אסלה ב,מיליליטרים,55.00,"100 מ""ל",false,,9.90,18.0000,true,1,25308
5010182998847,false,טואלט דאק נוזל לאסלה,,,טואלט דאק נוזל לאסלה,מיליליטרים,750.00,"100 מ""ל",false,,9.90,1.3200,true,1,51865
5010182998861,false,טואלט דאק נוזל לאסלה,,,טואלט דאק נוזל לאסלה,מיליליטרים,750.00,"100 מ""ל",false,,9.90,1.3200,true,1,34429
5010327000046,false,*מבצע* וויסקי גרנטס,,,*מבצע* וויסקי גרנטס,מיליליטרים,700.00,"100 מ""ל",false,,59.90,8.5571,true,1,50422
5010677551281,false,בקרדי בריזר לימון 27,,,בקרדי בריזר לימון 27,מיליליטרים,275.00,"100 מ""ל",false,,16.90,6.1455,true,1,20400
5010677551397,false,בקרדי בריזר בטעם לימ,,,בקרדי בריזר בטעם לימ,מיליליטרים,275.00,"100 מ""ל",false,,16.90,6.1455,true,1,73183
5010677850100,false,וודקה גריי גוס 700 מ,,,וודקה גריי גוס 700 מ,מיליליטרים,700.00,"100 מ""ל",false,,119.90,17.1286,true,1,99932
5011157730271,false,טילדה אורז יסמין 1 ק,,,טילדה אורז יסמין 1 ק,גרמים,1000.00,100 גרם,false,,19.90,1.9900,true,1,140920
5011417552247,false,איירוויק נטול גז פשת,,,איירוויק נטול גז פשת,מיליליטרים,345.00,"100 מ""ל",false,,15.90,4.6087,true,1,49229
5029053002408,false,קלינקס נייר טואלט לב,קריות זול,,קלינקס נייר טואלט לב,גרמים,1184.00,100 גרם,false,,41.90,3.5389,true,1,23109
5029053002439,false,קלינקס נייר טואולט צ,קריות זול,,קלינקס נייר טואולט צ,גרמים,1184.00,100 גרם,false,,41.90,3.5389,true,1,23110
5029053510828,false,קוטקס תחבושות אולטרה,קריות זול,,קוטקס תחבושות אולטרה,יח',24.00,יח',false,,19.90,0.8292,true,1,32241
5029053578309,false,קלינקס טישו אולטרה ס,,,קלינקס טישו אולטרה ס,יח',48.00,יח',false,,7.90,0.1646,true,1,137842
5035766044673,false,סיידר תפוחים סטרונגב,,,סיידר תפוחים סטרונגב,מיליליטרים,330.00,"100 מ""ל",false,,7.90,2.3939,true,1,73184
5053827193368,false,דגני אול ברנפלקס 500,קריות זול,,דגני אול ברנפלקס 500,גרמים,500.00,100 גרם,false,,24.90,4.9800,true,1,98731
5060250343741,false,הרשיז ראונדס קוקיס א,,,הרשיז ראונדס קוקיס א,גרמים,96.00,100 גרם,false,,10.90,11.3542,true,1,140532
5060250343765,false,ריסז ראונדס בוטנים 6,,,ריסז ראונדס בוטנים 6,גרמים,96.00,100 גרם,false,,10.90,11.3542,true,1,140533
5060517886486,false,מונסטר אנרגי פח 500מ,,,מונסטר אנרגי פח 500מ,מיליליטרים,500.00,"100 מ""ל",false,,7.90,1.5800,true,1,112789
5060517886516,false,מונסטר אנרגי זירו פח,,,מונסטר אנרגי זירו פח,מיליליטרים,500.00,"100 מ""ל",false,,7.90,1.5800,true,1,112790
5060639128051,false,מונסטר אולטרה פחית 5,,,מונסטר אולטרה פחית 5,מיליליטרים,500.00,"100 מ""ל",false,,7.90,1.5800,true,1,126934
5060639129102,false,מונסטר אנרגי פח 500,,,מונסטר אנרגי פח 500,מיליליטרים,500.00,"100 מ""ל",false,,7.90,1.5800,true,1,134779
5060751218173,false,מונסטר פונצ פח 500מל,,,מונסטר פונצ פח 500מל,מיליליטרים,500.00,"100 מ""ל",false,,7.90,1.5800,true,1,139673
5060751219033,false,מונסטר אולטרה פרדייס,,,מונסטר אולטרה פרדייס,מיליליטרים,500.00,"100 מ""ל",false,,7.90,1.5800,true,1,140053
5201583750411,false,סוכריות לימון זירו 3,,,סוכריות לימון זירו 3,גרמים,32.00,100 גרם,false,,6.90,21.5625,true,1,137384
5201583751111,false,סוכריות אספרסו קרמי,,,סוכריות אספרסו קרמי,גרמים,32.00,100 גרם,false,,6.90,21.5625,true,1,137387
5201583752118,false,סוכריות חמאה במילוי,,,סוכריות חמאה במילוי,גרמים,36.00,100 גרם,false,,6.90,19.1667,true,1,137385
5391523057929,false,סימילאק גולד 700 גרם,,,סימילאק גולד 700 גרם,גרמים,700.00,100 גרם,false,,72.90,10.4143,true,1,97517
5391523057936,false,סימילאק גולד 700 גרם,,,סימילאק גולד 700 גרם,גרמים,700.00,100 גרם,false,,72.90,10.4143,true,1,97518
5391523058070,false,סימילאק אדוונס פלוס,,,סימילאק אדוונס פלוס,גרמים,700.00,100 גרם,false,,64.90,9.2714,true,1,97891
5391523058087,false,סימילאק אדוונס פלוס,,,סימילאק אדוונס פלוס,גרמים,700.00,100 גרם,false,,64.90,9.2714,true,1,97892
5400265024349,false,מאפה מסוכר בייגלה המ,,,מאפה מסוכר בייגלה המ,גרמים,250.00,100 גרם,false,,11.90,4.7600,true,1,62556
5410126006360,false,לוטוס עוגיות סנדוויץ,,,לוטוס עוגיות סנדוויץ,גרמים,150.00,100 גרם,false,,9.90,6.6000,true,1,140755
5410126006377,false,לוטוס עוגיות סנדוויץ,,,לוטוס עוגיות סנדוויץ,גרמים,150.00,100 גרם,false,,9.90,6.6000,true,1,140756
5410126106022,false,לוטוס מארז חגים 2*25,,,לוטוס מארז חגים 2*25,גרמים,500.00,100 גרם,false,,18.90,3.7800,true,1,140794
5410126116953,false,ממרח ביסקוויט לוטוס,,,ממרח ביסקוויט לוטוס,גרמים,400.00,100 גרם,false,,22.90,5.7250,true,1,66787
5410126726947,false,ממרח עוגיות לוטוס קר,,,ממרח עוגיות לוטוס קר,גרמים,380.00,100 גרם,false,,22.90,6.0263,true,1,71004
5410228141785,false,"בירה הוגרדן 330 מ""ל",,,"בירה הוגרדן 330 מ""ל",מיליליטרים,330.00,"100 מ""ל",false,,12.90,3.9091,true,1,76714
5410228142089,false,בירה לף לונד בלונד 3,,,בירה לף לונד בלונד 3,מיליליטרים,330.00,"100 מ""ל",false,,12.90,3.9091,true,1,66817
5410228144755,false,*מבצע* בירה סטלה ארט,קריות זול,,*מבצע* בירה סטלה ארט,מיליליטרים,1980.00,"100 מ""ל",false,,29.90,1.5101,true,1,27842
5410228146162,false,בירה לף לונד בראון 3,,,בירה לף לונד בראון 3,מיליליטרים,330.00,"100 מ""ל",false,,12.90,3.9091,true,1,66818
5410228267515,false,בירה באדוויזר שישייה,,,בירה באדוויזר שישייה,מיליליטרים,1980.00,"100 מ""ל",false,,29.90,1.5101,true,1,113091
5410316983693,false,סמירנוף אייס בודד 27,קריות זול,,סמירנוף אייס בודד 27,מיליליטרים,275.00,"100 מ""ל",false,,13.90,5.0545,true,1,69655
5410316994019,false,וודקה סמירנוף אדום 7,,,וודקה סמירנוף אדום 7,מיליליטרים,700.00,"100 מ""ל",false,,59.90,8.5571,true,1,67896
5411188094159,false,אלפרו מעדן סויה שוקו,קריות זול,,אלפרו מעדן סויה שוקו,מיליליטרים,500.00,"100 מ""ל",false,,16.90,3.3800,true,1,39177
5411188096108,false,אלפרו סויה לבישול 4.,,,אלפרו סויה לבישול 4.,מיליליטרים,250.00,"100 מ""ל",false,,10.90,4.3600,true,1,49519
5411188110835,false,אלפרו משקה משקה שקדי,,,אלפרו משקה משקה שקדי,מיליליטרים,1000.00,"100 מ""ל",false,,14.90,1.4900,true,1,67973
5411188112549,false,אלפרו משקה אורז 1 לי,,,אלפרו משקה אורז 1 לי,מיליליטרים,1000.00,"100 מ""ל",false,,14.90,1.4900,true,1,74807
5411188112709,false,אלפרו משקה שקדים ללא,,,אלפרו משקה שקדים ללא,מיליליטרים,1000.00,"100 מ""ל",false,,14.90,1.4900,true,1,74808
5411188115366,false,אלפרו משקה שיבולת שו,,,אלפרו משקה שיבולת שו,מיליליטרים,1000.00,"100 מ""ל",false,,14.90,1.4900,true,1,74809
5411188115472,false,אלפרו משקה סויה 1 לי,,,אלפרו משקה סויה 1 לי,מיליליטרים,1000.00,"100 מ""ל",false,,14.90,1.4900,true,1,127917
5411188116905,false,אלפרו משקה סויה בטעם,,,אלפרו משקה סויה בטעם,מיליליטרים,1000.00,"100 מ""ל",false,,14.90,1.4900,true,1,139545
5411188118732,false,אלפרו משקה קוקוס שקד,,,אלפרו משקה קוקוס שקד,מיליליטרים,1000.00,"100 מ""ל",false,,14.90,1.4900,true,1,120867
5411188120742,false,אלפרו משקה שקדים טעם,,,אלפרו משקה שקדים טעם,מיליליטרים,1000.00,"100 מ""ל",false,,14.90,1.4900,true,1,107349
5411188122661,false,אלפרו משקה שקדים לא,,,אלפרו משקה שקדים לא,מיליליטרים,1000.00,"100 מ""ל",false,,14.90,1.4900,true,1,112613
5411188124689,false,אלפרו משקה שיבולת שו,,,אלפרו משקה שיבולת שו,מיליליטרים,1000.00,"100 מ""ל",false,,13.90,1.3900,true,1,128260
5411188126195,false,אלפרו משקה שקדים אור,,,אלפרו משקה שקדים אור,מיליליטרים,1000.00,"100 מ""ל",false,,14.90,1.4900,true,1,120865
5411188127697,false,אלפרו בריסטה שיבולת,,,אלפרו בריסטה שיבולת,מיליליטרים,1000.00,"100 מ""ל",false,,14.90,1.4900,true,1,127915
5411188134985,false,אלפרו נוט מילק 3.5%,,,אלפרו נוט מילק 3.5%,מיליליטרים,1000.00,"100 מ""ל",false,,14.90,1.4900,true,1,138119
5411188135005,false,אלפרו נוט מילק 1.8%,,,אלפרו נוט מילק 1.8%,מיליליטרים,1000.00,"100 מ""ל",false,,14.90,1.4900,true,1,138120
5411188543398,false,אלפרו משקה סויה ללא,,,אלפרו משקה סויה ללא,מיליליטרים,1000.00,"100 מ""ל",false,,14.90,1.4900,true,1,127918
5411616002190,false,בירה מרטינס סטרונג 8,,,בירה מרטינס סטרונג 8,מיליליטרים,500.00,"100 מ""ל",false,,6.90,1.3800,true,1,89881
5411616133245,false,בירה מרטנס ירוק פחית,,,בירה מרטנס ירוק פחית,מיליליטרים,500.00,"100 מ""ל",false,,6.90,1.3800,true,1,89872
5411616148546,false,בירה מרטינס גולד פחי,,,בירה מרטינס גולד פחי,מיליליטרים,500.00,"100 מ""ל",false,,6.90,1.3800,true,1,89875
5411681014005,false,בירה דובל 7% 330מל,,,בירה דובל 7% 330מל,מיליליטרים,330.00,"100 מ""ל",false,,14.90,4.5152,true,1,76683
5411681038001,false,בירה מרדסו לבנה טריפ,,,בירה מרדסו לבנה טריפ,מיליליטרים,330.00,"100 מ""ל",false,,14.90,4.5152,true,1,76684
5413149655522,false,אריאל שושן צחור אבקת,,,אריאל שושן צחור אבקת,קילוגרמים,1.25,"ק""ג",false,,19.90,15.9200,true,1,46515
5413149922907,false,אריאל אבקת כביסה קול,,,אריאל אבקת כביסה קול,קילוגרמים,5.00,"ק""ג",false,,45.90,9.1800,true,1,64011
5601008200444,false,עוגיות טבעת גודיס מצ,,,עוגיות טבעת גודיס מצ,גרמים,150.00,100 גרם,false,,9.90,6.6000,true,1,62639
5701932026964,false,הוטפופ פופקורן בתוספ,קריות זול,,הוטפופ פופקורן בתוספ,גרמים,600.00,100 גרם,false,,17.90,2.9833,true,1,31992
5701932026971,false,הוטפופ פופקורן בטעם,קריות זול,,הוטפופ פופקורן בטעם,גרמים,600.00,100 גרם,false,,17.90,2.9833,true,1,31993
5701932026995,false,הוטפופ פופקורן לייט,קריות זול,,הוטפופ פופקורן לייט,גרמים,510.00,100 גרם,false,,17.90,3.5098,true,1,31994
5706516031358,false,הוטפופ פופקורן 100 ק,,,הוטפופ פופקורן 100 ק,גרמים,160.00,100 גרם,false,,17.90,11.1875,true,1,48718
5711953106583,false,גבינת שמנת טבעי ארלה,,,גבינת שמנת טבעי ארלה,גרמים,200.00,100 גרם,false,,16.50,8.2500,true,1,106842
5711953106606,false,גבינת שמנת עשבי תיבו,,,גבינת שמנת עשבי תיבו,גרמים,200.00,100 גרם,false,,16.50,8.2500,true,1,106844
5740900403215,false,לורפק ממרח עם מלח 25,,,לורפק ממרח עם מלח 25,גרמים,250.00,100 גרם,false,,18.90,7.5600,true,1,98745
5740900403222,false,לורפק ממרח עם מלח מו,,,לורפק ממרח עם מלח מו,גרמים,250.00,100 גרם,false,,18.90,7.5600,true,1,98746
5740900403239,false,לורפק ממרח ללא מלח 2,,,לורפק ממרח ללא מלח 2,גרמים,250.00,100 גרם,false,,18.90,7.5600,true,1,98749
5740900403260,false,לורפק ממרח עם מלח מו,,,לורפק ממרח עם מלח מו,גרמים,250.00,100 גרם,false,,18.90,7.5600,true,1,98750
5740900403284,false,לורפק ללא מלח 200 גר,,,לורפק ללא מלח 200 גר,גרמים,200.00,100 גרם,false,,12.70,6.3500,true,1,126971
5740900403864,false,לורפק חמאה עם מלח 20,,,לורפק חמאה עם מלח 20,גרמים,200.00,100 גרם,false,,12.70,6.3500,true,1,137048
5900020012814,false,דגני בוקר נסקוויק נס,,,דגני בוקר נסקוויק נס,גרמים,500.00,100 גרם,false,,27.90,5.5800,true,1,49007
5900020024770,false,פיטנס בר דליס שוקולד,,,פיטנס בר דליס שוקולד,גרמים,135.00,100 גרם,false,,16.90,12.5185,true,1,74380
5900020024817,false,פיטנס בר דליס שוקולד,,,פיטנס בר דליס שוקולד,גרמים,135.00,100 גרם,false,,16.90,12.5185,true,1,74381
5900020025807,false,דגני סיני מיניס נסטל,,,דגני סיני מיניס נסטל,גרמים,375.00,100 גרם,false,,12.90,3.4400,true,1,74377
5900020026552,false,דגני האני נאט צ'יריו,,,דגני האני נאט צ'יריו,גרמים,625.00,100 גרם,false,,27.90,4.4640,true,1,76897
5900020026859,false,דגני האני נאט צ'יריו,,,דגני האני נאט צ'יריו,גרמים,375.00,100 גרם,false,,12.90,3.4400,true,1,89028
5900020031877,false,חטיף דגנים צ'יריוס ה,,,חטיף דגנים צ'יריוס ה,יחידה,0.00,יחידה,false,,16.90,0.0000,true,1,97821
5900020032454,false,פיטנס מארז חטיפי דגנ,,,פיטנס מארז חטיפי דגנ,גרמים,188.00,100 גרם,false,,16.90,8.9894,true,1,128145
5900020032539,false,פיטנס מארז חטיפי דגנ,,,פיטנס מארז חטיפי דגנ,גרמים,188.00,100 גרם,false,,16.90,8.9894,true,1,128146
5900020036407,false,ליון דגני בוקר שוקול,,,ליון דגני בוקר שוקול,גרמים,480.00,100 גרם,false,,27.90,5.8125,true,1,120584
5900020039590,false,פיטנס חטיף דגנים קלא,,,פיטנס חטיף דגנים קלא,גרמים,141.00,100 גרם,false,,16.90,11.9858,true,1,136712
5900396016188,false,תה לוייד תה ירוק לימ,,,תה לוייד תה ירוק לימ,יחידה,0.00,יחידה,false,,9.90,0.0000,true,1,76821
5900396023865,false,תה לוייד חליטת קמומי,,,תה לוייד חליטת קמומי,יחידה,0.00,יחידה,false,,9.90,0.0000,true,1,76832
5900396031112,false,תה לוייד רויבוש תפוח,,,תה לוייד רויבוש תפוח,יחידה,0.00,יחידה,false,,9.90,0.0000,true,1,128374
5900627026429,false,סיליט באנג סתימות 75,,,סיליט באנג סתימות 75,מיליליטרים,750.00,"100 מ""ל",false,,9.90,1.3200,true,1,105869
5900627063233,false,פיניש טבליות למדיח 5,,,פיניש טבליות למדיח 5,יח',50.00,יח',false,,35.90,0.7180,true,1,89323
5901677007611,false,שוקולד ברון חלב 300ג,,,שוקולד ברון חלב 300ג,גרמים,300.00,100 גרם,false,,12.90,4.3000,true,1,138976
5902808786672,false,טורטילאב דפיטורטייה,,,טורטילאב דפיטורטייה,גרמים,320.00,100 גרם,false,,9.90,3.0938,true,1,113429
5902808786696,false,טורטילאב דפי טורטייה,,,טורטילאב דפי טורטייה,גרמים,360.00,100 גרם,false,,11.90,3.3056,true,1,113430
5904603190739,false,אסורטי ירקות דוורק 8,,,אסורטי ירקות דוורק 8,גרמים,850.00,100 גרם,false,,13.90,1.6353,true,1,139977
5904941751302,false,בלו משקה אנרגיה 250מ,,,בלו משקה אנרגיה 250מ,מיליליטרים,250.00,"100 מ""ל",false,,4.90,1.9600,true,1,45603
5906485301012,false,אקסל משקה אנרגיה 250,קריות זול,,אקסל משקה אנרגיה 250,מיליליטרים,250.00,"100 מ""ל",false,,5.00,2.0000,true,1,20040
5941021001254,false,שוקולד היידי גראנדור,,,שוקולד היידי גראנדור,גרמים,80.00,100 גרם,false,,10.90,13.6250,true,1,67581
5941021005122,false,שוקולד היידי גראנדור,,,שוקולד היידי גראנדור,גרמים,80.00,100 גרם,false,,10.90,13.6250,true,1,71335
5941021007577,false,שוקולד היידי גראנדור,,,שוקולד היידי גראנדור,גרמים,80.00,100 גרם,false,,10.90,13.6250,true,1,67585
5941021011147,false,שוקולד היידי גראנדור,,,שוקולד היידי גראנדור,גרמים,100.00,100 גרם,false,,10.90,10.9000,true,1,76569
5941021016401,false,טבלת היידי שוקולד גר,,,טבלת היידי שוקולד גר,גרמים,100.00,100 גרם,false,,10.90,10.9000,true,1,107106
5949152110821,false,איירוויק מבשם אוויר,,,איירוויק מבשם אוויר,מיליליטרים,237.00,"100 מ""ל",false,,15.90,6.7089,true,1,140683
5949152110838,false,איירוויק מבשם אוויר,,,איירוויק מבשם אוויר,מיליליטרים,237.00,"100 מ""ל",false,,15.90,6.7089,true,1,140684
5997321701806,false,קלגון אבקה 1קג,,,קלגון אבקה 1קג,גרמים,1000.00,100 גרם,false,,37.90,3.7900,true,1,94061
5997321770307,false,ויט רצועות שעווה לעו,,,ויט רצועות שעווה לעו,יחידה,0.00,יחידה,false,,34.90,0.0000,true,1,94779
6001067017530,false,קולגייט מברשת שיניים,,,קולגייט מברשת שיניים,יחידה,0.00,יחידה,false,,11.90,0.0000,true,1,69977
6001067024446,false,קולגייט מברשת שיניים,,,קולגייט מברשת שיניים,יחידה,0.00,יחידה,false,,10.00,0.0000,true,1,52922
6112012100051,false,סט תפירה גדול,,,סט תפירה גדול,יחידה,0.00,יחידה,false,,14.90,0.0000,true,1,100548
6112012100075,false,קולפן פלסטיק יקר,,,קולפן פלסטיק יקר,יחידה,0.00,יחידה,false,,12.90,0.0000,true,1,76300
6112012100358,false,שישיית קולבי פלסטיק,,,שישיית קולבי פלסטיק,יחידה,0.00,יחידה,false,,10.90,0.0000,true,1,76393
6112012100600,false,שלישיית קולבי קטיפה,,,שלישיית קולבי קטיפה,יחידה,0.00,יחידה,false,,11.90,0.0000,true,1,76395
6112012100655,false,מגבלשיש מהודר,,,מגבלשיש מהודר,יחידה,0.00,יחידה,false,,7.90,0.0000,true,1,100597
6112012100662,false,כותש שום,,,כותש שום,יחידה,0.00,יחידה,false,,14.90,0.0000,true,1,76261
6112012100976,false,כפות גדולות,,,כפות גדולות,יחידה,0.00,יחידה,false,,9.90,0.0000,true,1,76272
6112012100983,false,מזלגות גדולות,,,מזלגות גדולות,יחידה,0.00,יחידה,false,,9.90,0.0000,true,1,76273
6112013100166,false,מרית רחבה+ידית משולב,,,מרית רחבה+ידית משולב,יחידה,0.00,יחידה,false,,12.90,0.0000,true,1,100493
6112013100173,false,מברשת אפיה+ידית קריס,,,מברשת אפיה+ידית קריס,יחידה,0.00,יחידה,false,,12.90,0.0000,true,1,102139
6112013100999,false,סוגרים לשקיות,,,סוגרים לשקיות,יחידה,0.00,יחידה,false,,9.90,0.0000,true,1,76362
6112014100561,false,דבק דו צדדי רחב,,,דבק דו צדדי רחב,יחידה,0.00,יחידה,false,,9.90,0.0000,true,1,100557
6112015100294,false,"מגב מתכת 40 ס""מ",,,"מגב מתכת 40 ס""מ",יחידה,0.00,יחידה,false,,21.90,0.0000,true,1,89423
6112015100928,false,מטאטא/מגב סיליקון,,,מטאטא/מגב סיליקון,יחידה,0.00,יחידה,false,,24.90,0.0000,true,1,100599
6112016100514,false,תחתית לסיר מברזל 20,,,תחתית לסיר מברזל 20,יחידה,0.00,יחידה,false,,10.90,0.0000,true,1,100502
6112016100682,false,מסנן רשת לכיור,,,מסנן רשת לכיור,יחידה,0.00,יחידה,false,,10.90,0.0000,true,1,90029
6112017100056,false,מברשת קטנה לניקוי כל,,,מברשת קטנה לניקוי כל,יחידה,0.00,יחידה,false,,9.90,0.0000,true,1,106734
6112017103354,false,אטבי כביסה סיליקון 1,,,אטבי כביסה סיליקון 1,יחידה,0.00,יחידה,false,,9.90,0.0000,true,1,100555
6112017103897,false,שלישיית סכינים,,,שלישיית סכינים,יחידה,0.00,יחידה,false,,9.90,0.0000,true,1,100529
6112017104566,false,מטאטא כסף אדום,,,מטאטא כסף אדום,יחידה,0.00,יחידה,false,,26.90,0.0000,true,1,106682
6112017104573,false,מטאטא שחור לבן,,,מטאטא שחור לבן,יחידה,0.00,יחידה,false,,24.90,0.0000,true,1,100826
6118000061090,false,סרדין מרוקאי בשמן סו,,,סרדין מרוקאי בשמן סו,גרמים,125.00,100 גרם,false,,6.90,5.5200,true,1,100690
6118000240501,false,סרדין מרוקאי בשמן סו,,,סרדין מרוקאי בשמן סו,גרמים,125.00,100 גרם,false,,6.90,5.5200,true,1,100691
6281001510390,false,קולגייט מברשת שיניים,,,קולגייט מברשת שיניים,יחידה,0.00,יחידה,false,,11.90,0.0000,true,1,69894
6910191800287,false,דפי סושי אצות נורי ב,,,דפי סושי אצות נורי ב,יח',10.00,יח',false,,13.90,1.3900,true,1,65603
6921052701001,false,אצות ים וואקמה 40גר,,,אצות ים וואקמה 40גר,גרמים,40.00,100 גרם,false,,11.90,29.7500,true,1,98759
6921850620504,false,נורות לד3 יח A60-15W,,,נורות לד3 יח A60-15W,יחידה,0.00,יחידה,false,,35.90,0.0000,true,1,100590
6922276100083,false,מחית וואסבי 43גר,,,מחית וואסבי 43גר,גרמים,43.00,100 גרם,false,,11.90,27.6744,true,1,63814
6925374202437,false,מתלים פלסטיק שלישייה,,,מתלים פלסטיק שלישייה,יחידה,0.00,יחידה,false,,8.90,0.0000,true,1,106653
6931191500267,false,שלישיית פותחנים,,,שלישיית פותחנים,יחידה,0.00,יחידה,false,,4.90,0.0000,true,1,76311
6934931267246,false,מצת לכיריים,,,מצת לכיריים,יחידה,0.00,יחידה,false,,9.90,0.0000,true,1,137070
6934931272332,false,מטאטא ויטני גב עץ אי,,,מטאטא ויטני גב עץ אי,יחידה,0.00,יחידה,false,,19.90,0.0000,true,1,137067
6935487561246,false,מסכות חד פעמי 50 יח,,,מסכות חד פעמי 50 יח,יח',50.00,יח',false,,9.90,0.1980,true,1,135130
6935673035629,false,כפפות אלוורה שאיני M,,,כפפות אלוורה שאיני M,יחידה,0.00,יחידה,false,,7.90,0.0000,true,1,41212
6935673035643,false,כפפות אלוורה שאיני X,,,כפפות אלוורה שאיני X,יחידה,0.00,יחידה,false,,7.90,0.0000,true,1,41214
7271730901261,false,תערובת להכנת פסטה+גב,,,תערובת להכנת פסטה+גב,גרמים,156.00,100 גרם,false,,12.90,8.2692,true,1,67469
7290000012902,false,חלת הצבי מתוקה עם צי,,,חלת הצבי מתוקה עם צי,יחידה,0.00,יחידה,false,,15.00,0.0000,true,1,89422
7290000013206,false,זנב בקר,,,זנב בקר,קילוגרמים,1.00,"ק""ג",true,,69.90,69.9000,true,1,90782
7290000023083,false,ערק אשקלון 700 מל,,,ערק אשקלון 700 מל,מיליליטרים,700.00,"100 מ""ל",false,,49.90,7.1286,true,1,70636
7290000023441,false,ליקר שטוק שוקולד 750,קריות זול,,ליקר שטוק שוקולד 750,מיליליטרים,750.00,"100 מ""ל",false,,49.90,6.6533,true,1,50221
7290000023809,false,יין קלאסיק קברנה סוב,,,יין קלאסיק קברנה סוב,מיליליטרים,750.00,"100 מ""ל",false,,39.90,5.3200,true,1,20414
7290000023816,false,יין קלאסיק אמרלד ריז,,,יין קלאסיק אמרלד ריז,מיליליטרים,750.00,"100 מ""ל",false,,39.90,5.3200,true,1,20415
7290000024202,false,יין רזרב קברנה סובינ,קריות זול,,יין רזרב קברנה סובינ,מיליליטרים,750.00,"100 מ""ל",false,,49.90,6.6533,true,1,52800
7290000024264,false,יין רזרב מרלו 750 מל,קריות זול,,יין רזרב מרלו 750 מל,מיליליטרים,750.00,"100 מ""ל",false,,49.90,6.6533,true,1,34568
7290000024523,false,מיץ ענבים של סגל 1 ל,,,מיץ ענבים של סגל 1 ל,מיליליטרים,1000.00,"100 מ""ל",false,,13.90,1.3900,true,1,70100
7290000024530,false,יין אדום מתוק קידוש,,,יין אדום מתוק קידוש,מיליליטרים,750.00,"100 מ""ל",false,,17.90,2.3867,true,1,91466
7290000033976,false,כתף טלה טרי,,,כתף טלה טרי,קילוגרמים,1.00,"ק""ג",true,,109.00,109.0000,true,1,39332
7290000034256,false,ביסקויט תירוש 175גרם,קריות זול,,ביסקויט תירוש 175גרם,גרמים,175.00,100 גרם,false,,7.90,4.5143,true,1,22583
7290000034973,false,חזה טלה ספרייס טרי,,,חזה טלה ספרייס טרי,קילוגרמים,1.00,"ק""ג",true,,79.00,79.0000,true,1,39333
7290000036977,false,צוואר כבש טרי,,,צוואר כבש טרי,קילוגרמים,1.00,"ק""ג",true,,79.90,79.9000,true,1,84112
7290000040042,false,יופלה תות שובב 3% 15,קריות זול,,יופלה תות שובב 3% 15,גרמים,150.00,100 גרם,false,,5.00,3.3333,true,1,29296
7290000040066,false,יופלה דובדבן פראי 3%,קריות זול,,יופלה דובדבן פראי 3%,גרמים,150.00,100 גרם,false,,5.00,3.3333,true,1,29297
7290000040301,false,גבינה קממבר עין גדי,קריות זול,,גבינה קממבר עין גדי,גרמים,125.00,100 גרם,false,,19.90,15.9200,true,1,23346
7290000040318,false,גבינת קולאז' ברי 24%,קריות זול,,גבינת קולאז' ברי 24%,גרמים,125.00,100 גרם,false,,19.90,15.9200,true,1,29299
7290000040974,false,חלב קרטון דל לקטוז ת,,,חלב קרטון דל לקטוז ת,מיליליטרים,1000.00,"100 מ""ל",false,,7.50,0.7500,true,1,52863
7290000041445,false,קוטג 5% מהדרין 250גר,קריות זול,,קוטג 5% מהדרין 250גר,גרמים,250.00,100 גרם,false,,5.90,2.3600,true,1,23348
7290000041452,false,"קוטג 9% בד""צ 250גר ת",קריות זול,,"קוטג 9% בד""צ 250גר ת",גרמים,250.00,100 גרם,false,,5.90,2.3600,true,1,46030
7290000041858,false,שמנת חמוצה 15% 200מל,קריות זול,,שמנת חמוצה 15% 200מל,מיליליטרים,200.00,"100 מ""ל",false,,2.50,1.2500,true,1,23349
7290000042015,false,חלב בשקית בדץ תנובה,קריות זול,,חלב בשקית בדץ תנובה,מיליליטרים,1000.00,"100 מ""ל",false,,5.43,0.5430,true,1,29303
7290000042435,false,חלב בקרטון תנובה 1%,קריות זול,,חלב בקרטון תנובה 1%,מיליליטרים,1000.00,"100 מ""ל",false,,5.86,0.5860,true,1,23361
7290000042640,false,חלב עמיד תנובה 3% 25,קריות זול,,חלב עמיד תנובה 3% 25,מיליליטרים,250.00,"100 מ""ל",false,,3.10,1.2400,true,1,29306
7290000042855,false,שוקו שקית 250,קריות זול,,שוקו שקית 250,מיליליטרים,250.00,"100 מ""ל",false,,3.10,1.2400,true,1,23368
7290000043012,false,שוקו עמיד תנובה בקרט,קריות זול,,שוקו עמיד תנובה בקרט,מיליליטרים,250.00,"100 מ""ל",false,,4.90,1.9600,true,1,29308
7290000043814,false,שמנת להקצפה 38% 250מ,קריות זול,,שמנת להקצפה 38% 250מ,מיליליטרים,250.00,"100 מ""ל",false,,6.47,2.5880,true,1,23371
7290000043890,false,רויון תנובה 1.5% 1לי,קריות זול,,רויון תנובה 1.5% 1לי,מיליליטרים,1000.00,"100 מ""ל",false,,11.50,1.1500,true,1,23372
7290000044712,false,פרילי תות 1.5% 500מל,קריות זול,,פרילי תות 1.5% 500מל,מיליליטרים,500.00,"100 מ""ל",false,,10.90,2.1800,true,1,23376
7290000044880,false,באדי תות 3% 500מל,קריות זול,,באדי תות 3% 500מל,מיליליטרים,500.00,"100 מ""ל",false,,9.30,1.8600,true,1,29313
7290000045573,false,נעמה גבינת מותכת 200,קריות זול,,נעמה גבינת מותכת 200,גרמים,200.00,100 גרם,false,,14.90,7.4500,true,1,23378
7290000045917,false,גבינה פרומעז 23% קול,קריות זול,,גבינה פרומעז 23% קול,גרמים,200.00,100 גרם,false,,26.90,13.4500,true,1,23379
7290000046006,false,עמק 28% תנובה,,,עמק 28% תנובה,קילוגרמים,1.00,"ק""ג",true,,44.79,44.7900,true,1,50995
7290000046020,false,גלבוע 22% תנובה,קריות זול,,גלבוע 22% תנובה,קילוגרמים,1.00,"ק""ג",true,,42.58,42.5800,true,1,29258
7290000046136,false,גלבוע 22% תנובה,קריות זול,,גלבוע 22% תנובה,קילוגרמים,1.00,"ק""ג",true,,42.58,42.5800,true,1,112952
7290000046327,false,גלבוע גבינה צהובה פר,קריות זול,,גלבוע גבינה צהובה פר,גרמים,200.00,100 גרם,false,,13.70,6.8500,true,1,23381
7290000046501,false,טל העמק חריץ 32% תנו,קריות זול,,טל העמק חריץ 32% תנו,קילוגרמים,1.00,"ק""ג",true,,61.00,61.0000,true,1,29260
7290000046563,false,פרמזן קולאז 23% תנוב,קריות זול,,פרמזן קולאז 23% תנוב,קילוגרמים,1.00,"ק""ג",true,,120.00,120.0000,true,1,29262
7290000046662,false,עמק דליקטס סקנדינבית,קריות זול,,עמק דליקטס סקנדינבית,קילוגרמים,1.00,"ק""ג",true,,79.00,79.0000,true,1,29265
7290000047027,false,קאשקבל 28% תנובה חלב,קריות זול,,קאשקבל 28% תנובה חלב,קילוגרמים,1.00,"ק""ג",true,,128.00,128.0000,true,1,29266
7290000047034,false,רוקפור 28% תנובה,,,רוקפור 28% תנובה,קילוגרמים,1.00,"ק""ג",true,,126.00,126.0000,true,1,113544
7290000047485,false,בולגרית 24% תנובה,,,בולגרית 24% תנובה,קילוגרמים,1.00,"ק""ג",true,,59.00,59.0000,true,1,29269
7290000047546,false,גבינה לבנה ללא תוספת,קריות זול,,גבינה לבנה ללא תוספת,גרמים,500.00,100 גרם,false,,24.90,4.9800,true,1,23383
7290000048185,false,גבינה לבנה 250גר 5%,קריות זול,,גבינה לבנה 250גר 5%,גרמים,250.00,100 גרם,false,,4.98,1.9920,true,1,23386
7290000048192,false,גבינה לבנה רכה 9% 25,קריות זול,,גבינה לבנה רכה 9% 25,גרמים,250.00,100 גרם,false,,4.90,1.9600,true,1,23387
7290000048413,false,גבינת חמד פיראוס 16%,קריות זול,,גבינת חמד פיראוס 16%,גרמים,250.00,100 גרם,false,,18.50,7.4000,true,1,23388
7290000048437,false,צפתית 5% 200גר פיראו,קריות זול,,צפתית 5% 200גר פיראו,גרמים,200.00,100 גרם,false,,15.30,7.6500,true,1,23389
7290000049458,false,פטה עיזים  פיראוס 16,קריות זול,,פטה עיזים  פיראוס 16,גרמים,250.00,100 גרם,false,,29.90,11.9600,true,1,23390
7290000050447,false,יופלה YYY תות 3% 500,,,יופלה YYY תות 3% 500,מיליליטרים,500.00,"100 מ""ל",false,,13.50,2.7000,true,1,46477
7290000050454,false,יופלה YYY אפרסק 3% 5,,,יופלה YYY אפרסק 3% 5,מיליליטרים,500.00,"100 מ""ל",false,,13.50,2.7000,true,1,46478
7290000051307,false,הפסקת אוכל עוגי +חלב,,,הפסקת אוכל עוגי +חלב,מיליליטרים,150.00,"100 מ""ל",false,,9.50,6.3333,true,1,47827
7290000051376,false,יופלה דיאט אננס ספור,,,יופלה דיאט אננס ספור,גרמים,150.00,100 גרם,false,,5.00,3.3333,true,1,48630
7290000051710,false,לאבנה עם שמן זית וזע,,,לאבנה עם שמן זית וזע,גרמים,263.00,100 גרם,false,,14.50,5.5133,true,1,48633
7290000052311,false,עמק גבינה צהובה מהדר,,,עמק גבינה צהובה מהדר,גרמים,200.00,100 גרם,false,,16.70,8.3500,true,1,51180
7290000052649,false,לאבנה 5% 500גר פיראו,,,לאבנה 5% 500גר פיראו,גרמים,500.00,100 גרם,false,,19.90,3.9800,true,1,49558
7290000054220,false,פטריות צמד חמד,קריות זול,,פטריות צמד חמד,יחידה,0.00,יחידה,false,,12.00,0.0000,true,1,137689
7290000055015,false,פטה כבשים 5% שומן פי,,,פטה כבשים 5% שומן פי,גרמים,250.00,100 גרם,false,,27.50,11.0000,true,1,52956
7290000055206,false,גבינה לבנה בטעם בצל,,,גבינה לבנה בטעם בצל,גרמים,250.00,100 גרם,false,,5.90,2.3600,true,1,56021
7290000055329,false,יופלה משקה יוגורט תו,,,יופלה משקה יוגורט תו,מיליליטרים,250.00,"100 מ""ל",false,,5.60,2.2400,true,1,55842
7290000055336,false,יופלה משקה יוגורט בנ,,,יופלה משקה יוגורט בנ,מיליליטרים,250.00,"100 מ""ל",false,,5.60,2.2400,true,1,55843
7290000055350,false,עמק 28% תנובה,,,עמק 28% תנובה,קילוגרמים,1.00,"ק""ג",true,,44.79,44.7900,true,1,74992
7290000055893,false,חמאה תנובה 200 גר מה,,,חמאה תנובה 200 גר מה,גרמים,200.00,100 גרם,false,,7.88,3.9400,true,1,57158
7290000056845,false,חלב בקרטון תנובה 3%,,,חלב בקרטון תנובה 3%,מיליליטרים,1500.00,"100 מ""ל",false,,9.35,0.6233,true,1,63721
7290000056890,false,יופלה מאגדת דיאט טעמ,,,יופלה מאגדת דיאט טעמ,יחידה,0.00,יחידה,false,,31.70,0.0000,true,1,62511
7290000056906,false,יופלה לבן מאגדת שמינ,,,יופלה לבן מאגדת שמינ,גרמים,1200.00,100 גרם,false,,18.00,1.5000,true,1,62512
7290000056951,false,שמנת לבישול 15% פקק,,,שמנת לבישול 15% פקק,מיליליטרים,500.00,"100 מ""ל",false,,17.50,3.5000,true,1,64028
7290000057088,false,עמק גבינה צהובה דק ד,,,עמק גבינה צהובה דק ד,גרמים,200.00,100 גרם,false,,16.70,8.3500,true,1,63722
7290000057118,false,*מבצע* המעדניה של עמ,,,*מבצע* המעדניה של עמ,גרמים,400.00,100 גרם,false,,19.90,4.9750,true,1,63427
7290000057552,false,יופלה דיאט עוגת גבינ,,,יופלה דיאט עוגת גבינ,גרמים,150.00,100 גרם,false,,5.00,3.3333,true,1,65684
7290000057934,false,שוקו תנובה בקבוק בדץ,,,שוקו תנובה בקבוק בדץ,מיליליטרים,1000.00,"100 מ""ל",false,,12.70,1.2700,true,1,65278
7290000058047,false,שמנת להקצפה מהדרין 3,,,שמנת להקצפה מהדרין 3,מיליליטרים,500.00,"100 מ""ל",false,,12.94,2.5880,true,1,65556
7290000060071,false,חטיפי פריכונים מאורז,קריות זול,,חטיפי פריכונים מאורז,גרמים,80.00,100 גרם,false,,9.50,11.8750,true,1,23392
7290000060088,false,בייגלה מקלות מלוחים,קריות זול,,בייגלה מקלות מלוחים,גרמים,300.00,100 גרם,false,,11.90,3.9667,true,1,23393
7290000060156,false,אטריות ביצים דקות אס,קריות זול,,אטריות ביצים דקות אס,גרמים,200.00,100 גרם,false,,7.90,3.9500,true,1,23394
7290000060163,false,אטריות דקות אסם 400ג,קריות זול,,אטריות דקות אסם 400ג,גרמים,400.00,100 גרם,false,,7.90,1.9750,true,1,23395
7290000060200,false,פתיתים אפויים קוסקוס,קריות זול,,פתיתים אפויים קוסקוס,גרמים,500.00,100 גרם,false,,7.90,1.5800,true,1,23397
7290000060217,false,פסטה מקרוני 7 אסם 50,קריות זול,,פסטה מקרוני 7 אסם 50,גרמים,500.00,100 גרם,false,,6.90,1.3800,true,1,34586
7290000060248,false,פסטה תלתלים אסם 500,קריות זול,,פסטה תלתלים אסם 500,גרמים,500.00,100 גרם,false,,6.90,1.3800,true,1,23398
7290000060316,false,פסטה פרפקטו ספגטי אס,קריות זול,,פסטה פרפקטו ספגטי אס,גרמים,500.00,100 גרם,false,,8.50,1.7000,true,1,23401
7290000060330,false,פסטה פרפקטו ספיראלי,קריות זול,,פסטה פרפקטו ספיראלי,גרמים,500.00,100 גרם,false,,8.50,1.7000,true,1,23403
7290000060408,false,פתיתים אפויים טבעות,קריות זול,,פתיתים אפויים טבעות,גרמים,500.00,100 גרם,false,,7.90,1.5800,true,1,23405
7290000060415,false,לזניה פרפקטו 500גר,קריות זול,,לזניה פרפקטו 500גר,גרמים,500.00,100 גרם,false,,15.90,3.1800,true,1,23406
7290000060576,false,פתיתים אפויים כוכב א,קריות זול,,פתיתים אפויים כוכב א,גרמים,500.00,100 גרם,false,,7.90,1.5800,true,1,23414
7290000060781,false,פסטה מסולסלים אסם 50,קריות זול,,פסטה מסולסלים אסם 50,גרמים,500.00,100 גרם,false,,6.90,1.3800,true,1,23415
7290000060828,false,פסטה קרניים בינוניות,קריות זול,,פסטה קרניים בינוניות,גרמים,500.00,100 גרם,false,,6.90,1.3800,true,1,23417
7290000060880,false,פסטה ספגטי אסם 500גר,קריות זול,,פסטה ספגטי אסם 500גר,גרמים,500.00,100 גרם,false,,6.90,1.3800,true,1,23421
7290000060903,false,פתיתים אפויים אורז א,קריות זול,,פתיתים אפויים אורז א,גרמים,500.00,100 גרם,false,,7.90,1.5800,true,1,23423
7290000060958,false,אטריות בינוניות אסם,קריות זול,,אטריות בינוניות אסם,גרמים,400.00,100 גרם,false,,7.90,1.9750,true,1,23425
7290000061061,false,קרקר בצל אסם 250גר,קריות זול,,קרקר בצל אסם 250גר,גרמים,250.00,100 גרם,false,,11.90,4.7600,true,1,23431
7290000061085,false,רוטב צילי מתוק אסם 2,קריות זול,,רוטב צילי מתוק אסם 2,מיליליטרים,290.00,"100 מ""ל",false,,12.90,4.4483,true,1,23433
7290000061450,false,פתיתים אפויים קוסקוס,,,פתיתים אפויים קוסקוס,גרמים,500.00,100 גרם,false,,7.90,1.5800,true,1,46905
7290000062952,false,מיני קרוטונים למרק ו,,,מיני קרוטונים למרק ו,גרמים,250.00,100 גרם,false,,16.90,6.7600,true,1,43532
7290000063102,false,קמח תופח אסם 350גר,קריות זול,,קמח תופח אסם 350גר,גרמים,350.00,100 גרם,false,,4.90,1.4000,true,1,23462
7290000063133,false,שקדי מרק בשקית אסם 1,קריות זול,,שקדי מרק בשקית אסם 1,גרמים,100.00,100 גרם,false,,5.70,5.7000,true,1,23463
7290000063140,false,שקדי מרק רכיבים טבעי,קריות זול,,שקדי מרק רכיבים טבעי,גרמים,400.00,100 גרם,false,,14.90,3.7250,true,1,23464
7290000063157,false,קמח תופח מאליו אסם 1,קריות זול,,קמח תופח מאליו אסם 1,גרמים,1000.00,100 גרם,false,,9.90,0.9900,true,1,23465
7290000064758,false,קוסקוס בינוני אסם 35,קריות זול,,קוסקוס בינוני אסם 35,גרמים,350.00,100 גרם,false,,8.50,2.4286,true,1,23476
7290000065090,false,מיני קורטונים למרק ו,קריות זול,,מיני קורטונים למרק ו,גרמים,400.00,100 גרם,false,,26.90,6.7250,true,1,23479
7290000065335,false,מנה חמה אסם פירה עם,קריות זול,,מנה חמה אסם פירה עם,גרמים,55.00,100 גרם,false,,6.90,12.5455,true,1,23480
7290000065540,false,מנה חמה אסם פסטה מוק,קריות זול,,מנה חמה אסם פסטה מוק,גרמים,55.00,100 גרם,false,,6.90,12.5455,true,1,23481
7290000066141,false,ביסלי בטעם גריל אסם,קריות זול,,ביסלי בטעם גריל אסם,גרמים,70.00,100 גרם,false,,4.90,7.0000,true,1,23493
7290000066172,false,ביסלי בטעם פיצה אסם,קריות זול,,ביסלי בטעם פיצה אסם,גרמים,70.00,100 גרם,false,,4.90,7.0000,true,1,23496
7290000066196,false,ביסלי גדול טעם גריל,קריות זול,,ביסלי גדול טעם גריל,גרמים,200.00,100 גרם,false,,9.50,4.7500,true,1,23498
7290000066226,false,ביסלי בטעם פיצה אסם,קריות זול,,ביסלי בטעם פיצה אסם,גרמים,200.00,100 גרם,false,,9.50,4.7500,true,1,23501
7290000066264,false,דובונים אסם 40גר,קריות זול,,דובונים אסם 40גר,גרמים,40.00,100 גרם,false,,4.90,12.2500,true,1,23502
7290000066295,false,במבה תות מחומרים טבע,קריות זול,,במבה תות מחומרים טבע,גרמים,30.00,100 גרם,false,,3.00,10.0000,true,1,23503
7290000066318,false,במבה אסם 80 גרם,קריות זול,,במבה אסם 80 גרם,גרמים,80.00,100 גרם,false,,4.90,6.1250,true,1,23505
7290000066332,false,אפרופו אסם 50גר,קריות זול,,אפרופו אסם 50גר,גרמים,50.00,100 גרם,false,,5.50,11.0000,true,1,23506
7290000066431,false,פופקו חטיף אסם 80גר,קריות זול,,פופקו חטיף אסם 80גר,גרמים,80.00,100 גרם,false,,5.90,7.3750,true,1,23509
7290000067544,false,פירורית זהב שקית אסם,קריות זול,,פירורית זהב שקית אסם,גרמים,200.00,100 גרם,false,,6.50,3.2500,true,1,23524
7290000067735,false,"ניוקי בצקיות מתפו""א",קריות זול,,"ניוקי בצקיות מתפו""א",גרמים,500.00,100 גרם,false,,14.90,2.9800,true,1,23527
7290000068138,false,פודינג וניל אסם 80גר,קריות זול,,פודינג וניל אסם 80גר,גרמים,80.00,100 גרם,false,,5.90,7.3750,true,1,23529
7290000068190,false,ג'לי תות אסם 85 גר,קריות זול,,ג'לי תות אסם 85 גר,גרמים,85.00,100 גרם,false,,6.90,8.1176,true,1,23531
7290000068237,false,ג'לי פטל אסם 85 גר,קריות זול,,ג'לי פטל אסם 85 גר,גרמים,85.00,100 גרם,false,,6.90,8.1176,true,1,23533
7290000068251,false,ג'לי אננס אסם 85 גר,קריות זול,,ג'לי אננס אסם 85 גר,גרמים,85.00,100 גרם,false,,6.90,8.1176,true,1,23534
7290000068343,false,פריכונים מאורז מלא א,קריות זול,,פריכונים מאורז מלא א,גרמים,140.00,100 גרם,false,,8.90,6.3571,true,1,23538
7290000068701,false,שקדי מרק במיכל אסם 4,קריות זול,,שקדי מרק במיכל אסם 4,גרמים,400.00,100 גרם,false,,17.90,4.4750,true,1,23543
7290000069258,false,פסטה פרפקטו פנה ריגא,קריות זול,,פסטה פרפקטו פנה ריגא,גרמים,500.00,100 גרם,false,,8.50,1.7000,true,1,23546
7290000069364,false,פריכונים מאורז מלא ל,קריות זול,,פריכונים מאורז מלא ל,גרמים,140.00,100 גרם,false,,8.90,6.3571,true,1,23550
7290000069609,false,חטיפי קרקר זעתר 300ג,,,חטיפי קרקר זעתר 300ג,גרמים,300.00,100 גרם,false,,12.90,4.3000,true,1,47057
7290000069715,false,חטיפי קרקר מלוח 300ג,,,חטיפי קרקר מלוח 300ג,גרמים,300.00,100 גרם,false,,12.90,4.3000,true,1,47058
7290000070308,false,מרק עוף אמיתי אסם 40,קריות זול,,מרק עוף אמיתי אסם 40,גרמים,400.00,100 גרם,false,,18.90,4.7250,true,1,23557
7290000070322,false,מרק פטריות רכיבים טב,קריות זול,,מרק פטריות רכיבים טב,גרמים,400.00,100 גרם,false,,29.90,7.4750,true,1,23559
7290000070353,false,מרק בצל רכיבים טבעיי,קריות זול,,מרק בצל רכיבים טבעיי,גרמים,400.00,100 גרם,false,,29.90,7.4750,true,1,23560
7290000071008,false,בייגלה שטוחים מלח אס,,,בייגלה שטוחים מלח אס,גרמים,60.00,100 גרם,false,,3.90,6.5000,true,1,52723
7290000072241,false,רוטב פיצה-בקבוק 290מ,קריות זול,,רוטב פיצה-בקבוק 290מ,מיליליטרים,290.00,"100 מ""ל",false,,12.90,4.4483,true,1,23583
7290000072623,false,קטשופ אסם 750גר,קריות זול,,קטשופ אסם 750גר,גרמים,750.00,100 גרם,false,,10.90,1.4533,true,1,23585
7290000072630,false,קטשופ חריף אסם 750גר,קריות זול,,קטשופ חריף אסם 750גר,גרמים,750.00,100 גרם,false,,12.90,1.7200,true,1,23586
7290000072753,false,טסטרס צויס 200 גרם,,,טסטרס צויס 200 גרם,גרמים,200.00,100 גרם,false,,29.90,14.9500,true,1,23590
7290000072777,false,טסטרס צויס נטול קפאי,קריות זול,,טסטרס צויס נטול קפאי,גרמים,200.00,100 גרם,false,,39.90,19.9500,true,1,23592
7290000072968,false,דגני סיני מיניס נסטל,קריות זול,,דגני סיני מיניס נסטל,גרמים,500.00,100 גרם,false,,27.90,5.5800,true,1,23600
7290000073750,false,מנה חמה אסם נודלס טע,קריות זול,,מנה חמה אסם נודלס טע,גרמים,70.00,100 גרם,false,,6.90,9.8571,true,1,23611
7290000073767,false,מנה חמה אסם נודלס טע,קריות זול,,מנה חמה אסם נודלס טע,גרמים,70.00,100 גרם,false,,6.90,9.8571,true,1,23612
7290000073774,false,מנה חמה אסם נודלס טע,קריות זול,,מנה חמה אסם נודלס טע,גרמים,70.00,100 גרם,false,,6.90,9.8571,true,1,23613
7290000074153,false,פתי בר שוקו אסם 500ג,קריות זול,,פתי בר שוקו אסם 500ג,גרמים,500.00,100 גרם,false,,14.90,2.9800,true,1,23617
7290000074184,false,פתי בר וניל אסם 500ג,קריות זול,,פתי בר וניל אסם 500ג,גרמים,500.00,100 גרם,false,,12.90,2.5800,true,1,23619
7290000074245,false,קרם קרקר אסם 250גר,קריות זול,,קרם קרקר אסם 250גר,גרמים,250.00,100 גרם,false,,8.90,3.5600,true,1,23620
7290000074252,false,קרקר שומשום אסם 250ג,קריות זול,,קרקר שומשום אסם 250ג,גרמים,250.00,100 גרם,false,,9.90,3.9600,true,1,23621
7290000074276,false,קרקר פיקנטי טבעון אס,קריות זול,,קרקר פיקנטי טבעון אס,גרמים,250.00,100 גרם,false,,11.90,4.7600,true,1,23622
7290000074375,false,קרקר זהב אסם 150 גרם,קריות זול,,קרקר זהב אסם 150 גרם,גרמים,150.00,100 גרם,false,,7.90,5.2667,true,1,23627
7290000074481,false,לחמית אגוזים אסם 160,,,לחמית אגוזים אסם 160,גרמים,160.00,100 גרם,false,,11.90,7.4375,true,1,63120
7290000074764,false,קרקר זהב אסם 900גר,קריות זול,,קרקר זהב אסם 900גר,גרמים,900.00,100 גרם,false,,29.90,3.3222,true,1,23633
7290000075204,false,לחמית חיטה מלאה אסם,קריות זול,,לחמית חיטה מלאה אסם,גרמים,250.00,100 גרם,false,,9.90,3.9600,true,1,23639
7290000076126,false,בייגלה שמיניות קטנות,קריות זול,,בייגלה שמיניות קטנות,גרמים,80.00,100 גרם,false,,3.90,4.8750,true,1,23643
7290000076133,false,בייגלה שמיניות קטנות,קריות זול,,בייגלה שמיניות קטנות,גרמים,400.00,100 גרם,false,,11.90,2.9750,true,1,23644
7290000076645,false,טוסטעים חיטה מלאה אס,,,טוסטעים חיטה מלאה אס,גרמים,100.00,100 גרם,false,,10.90,10.9000,true,1,49918
7290000077017,false,קרמוגית במילוי שוקול,קריות זול,,קרמוגית במילוי שוקול,גרמים,200.00,100 גרם,false,,12.70,6.3500,true,1,23654
7290000077253,false,לחמית כפרית עם דגנים,,,לחמית כפרית עם דגנים,גרמים,190.00,100 גרם,false,,11.90,6.2632,true,1,51029
7290000077925,false,טוסטעים עגול חיטה מל,,,טוסטעים עגול חיטה מל,גרמים,125.00,100 גרם,false,,10.90,8.7200,true,1,49919
7290000078762,false,חטיפי פריכונים מאורז,קריות זול,,חטיפי פריכונים מאורז,גרמים,80.00,100 גרם,false,,9.50,11.8750,true,1,23665
7290000079233,false,קרם דל נתרן אסם 250ג,קריות זול,,קרם דל נתרן אסם 250ג,גרמים,250.00,100 גרם,false,,11.90,4.7600,true,1,23668
7290000080406,false,אסאדו עע,,,אסאדו עע,קילוגרמים,1.00,"ק""ג",true,,69.90,69.9000,true,1,41996
7290000080420,false,צלי כתף עגל,,,צלי כתף עגל,קילוגרמים,1.00,"ק""ג",true,,89.90,89.9000,true,1,42002
7290000080758,false,טוסטעים פת קלוי אסם,קריות זול,,טוסטעים פת קלוי אסם,גרמים,100.00,100 גרם,false,,10.90,10.9000,true,1,23675
7290000080765,false,טוסטעים פת קלוי עם ש,קריות זול,,טוסטעים פת קלוי עם ש,גרמים,100.00,100 גרם,false,,10.90,10.9000,true,1,23676
7290000081663,false,בייגלה טבעות שומשום,קריות זול,,בייגלה טבעות שומשום,גרמים,300.00,100 גרם,false,,11.90,3.9667,true,1,23681
7290000100128,false,תות שדה מוקפא 300גר,,,תות שדה מוקפא 300גר,גרמים,300.00,100 גרם,false,,16.90,5.6333,true,1,98034
7290000100135,false,דובדבן מתוק קפוא 300,,,דובדבן מתוק קפוא 300,גרמים,300.00,100 גרם,false,,16.90,5.6333,true,1,98043
7290000100593,false,פרוסות אנטיפסטי לתנו,,,פרוסות אנטיפסטי לתנו,גרמים,600.00,100 גרם,false,,23.90,3.9833,true,1,112769
7290000100609,false,קוביות אנטי פסטי להק,,,קוביות אנטי פסטי להק,גרמים,600.00,100 גרם,false,,23.90,3.9833,true,1,112774
7290000101927,false,אוכמניות כחולות מוקפ,,,אוכמניות כחולות מוקפ,גרמים,300.00,100 גרם,false,,16.90,5.6333,true,1,98035
7290000101934,false,תערובת פירות יער מוק,,,תערובת פירות יער מוק,גרמים,300.00,100 גרם,false,,16.90,5.6333,true,1,98036
7290000101941,false,אננס חתוך מוקפא 300ג,,,אננס חתוך מוקפא 300ג,גרמים,300.00,100 גרם,false,,16.90,5.6333,true,1,98039
7290000101958,false,מנגו חתוך מוקפא 300ג,,,מנגו חתוך מוקפא 300ג,גרמים,300.00,100 גרם,false,,16.90,5.6333,true,1,98037
7290000103846,false,מרק אפונה קפוא סנפרו,,,מרק אפונה קפוא סנפרו,גרמים,570.00,100 גרם,false,,18.50,3.2456,true,1,57306
7290000103860,false,מרק עדשים קפוא סנפרו,,,מרק עדשים קפוא סנפרו,גרמים,570.00,100 גרם,false,,18.90,3.3158,true,1,57303
7290000103877,false,מרק שעועית קפוא סנפר,,,מרק שעועית קפוא סנפר,גרמים,640.00,100 גרם,false,,18.90,2.9531,true,1,57304
7290000104201,false,אפונה עדינה סנפרוסט,קריות זול,,אפונה עדינה סנפרוסט,גרמים,600.00,100 גרם,false,,19.90,3.3167,true,1,29095
7290000104218,false,במיה סנפרוסט 600גר,קריות זול,,במיה סנפרוסט 600גר,גרמים,600.00,100 גרם,false,,17.90,2.9833,true,1,29096
7290000104225,false,בצל קצוץ סנפרוסט 600,קריות זול,,בצל קצוץ סנפרוסט 600,גרמים,600.00,100 גרם,false,,18.90,3.1500,true,1,29097
7290000104676,false,אפונה גינה סנפרוסט 8,קריות זול,,אפונה גינה סנפרוסט 8,גרמים,800.00,100 גרם,false,,17.90,2.2375,true,1,29000
7290000104683,false,שעועית שלמה ירוקה סנ,קריות זול,,שעועית שלמה ירוקה סנ,גרמים,800.00,100 גרם,false,,21.90,2.7375,true,1,29001
7290000104690,false,גרעיני תירס סנפרוסט,קריות זול,,גרעיני תירס סנפרוסט,גרמים,800.00,100 גרם,false,,18.90,2.3625,true,1,29002
7290000104706,false,גזר גמדי סנפרוסט 800,קריות זול,,גזר גמדי סנפרוסט 800,גרמים,800.00,100 גרם,false,,18.90,2.3625,true,1,29101
7290000104713,false,פול ירוק סנפרוסט 800,קריות זול,,פול ירוק סנפרוסט 800,גרמים,800.00,100 גרם,false,,27.90,3.4875,true,1,29003
7290000104720,false,שעועית ירוקה חתוכה ס,קריות זול,,שעועית ירוקה חתוכה ס,גרמים,800.00,100 גרם,false,,19.90,2.4875,true,1,29004
7290000104737,false,שעועית צהובה חתוכה ס,קריות זול,,שעועית צהובה חתוכה ס,גרמים,800.00,100 גרם,false,,19.90,2.4875,true,1,29102
7290000104744,false,כרובית סנפרוסט 800גר,קריות זול,,כרובית סנפרוסט 800גר,גרמים,800.00,100 גרם,false,,25.90,3.2375,true,1,29005
7290000104751,false,כרוב ניצנים סנפרוסט,קריות זול,,כרוב ניצנים סנפרוסט,גרמים,800.00,100 גרם,false,,25.90,3.2375,true,1,29103
7290000104768,false,תרד עלים סנפרוסט 800,קריות זול,,תרד עלים סנפרוסט 800,גרמים,800.00,100 גרם,false,,27.90,3.4875,true,1,29006
7290000104775,false,תרד מדליונים סנפרוסט,קריות זול,,תרד מדליונים סנפרוסט,גרמים,800.00,100 גרם,false,,27.90,3.4875,true,1,29104
7290000104799,false,שעועית לבנה מבושלת ס,קריות זול,,שעועית לבנה מבושלת ס,גרמים,800.00,100 גרם,false,,21.90,2.7375,true,1,20577
7290000104805,false,גרגירי חומוס קפוא סנ,קריות זול,,גרגירי חומוס קפוא סנ,גרמים,800.00,100 גרם,false,,21.90,2.7375,true,1,29007
7290000104829,false,קלחוני תירס סנפרוסט,קריות זול,,קלחוני תירס סנפרוסט,גרמים,1000.00,100 גרם,false,,21.90,2.1900,true,1,20422
7290000104874,false,לקט לקוסקוס סנפרוסט,קריות זול,,לקט לקוסקוס סנפרוסט,גרמים,800.00,100 גרם,false,,23.90,2.9875,true,1,29009
7290000104881,false,אפונה וגזר סנפרוסט 8,קריות זול,,אפונה וגזר סנפרוסט 8,גרמים,800.00,100 גרם,false,,18.90,2.3625,true,1,29010
7290000104904,false,לקט ירקות מעורבים סנ,קריות זול,,לקט ירקות מעורבים סנ,גרמים,800.00,100 גרם,false,,23.90,2.9875,true,1,29012
7290000104911,false,לקט נורמנדי סנפרוסט,קריות זול,,לקט נורמנדי סנפרוסט,גרמים,800.00,100 גרם,false,,23.90,2.9875,true,1,29013
7290000107165,false,פולי סויה קפוא סנפרו,קריות זול,,פולי סויה קפוא סנפרו,גרמים,400.00,100 גרם,false,,14.90,3.7250,true,1,29108
7290000107189,false,תחתיות ארטישוק 400גר,קריות זול,,תחתיות ארטישוק 400גר,גרמים,400.00,100 גרם,false,,23.90,5.9750,true,1,29019
7290000107295,false,תפרחות ברוקולי סנפרו,קריות זול,,תפרחות ברוקולי סנפרו,גרמים,800.00,100 גרם,false,,26.90,3.3625,true,1,29021
7290000111063,false,מיונז תלמה 250 גר,קריות זול,,מיונז תלמה 250 גר,גרמים,250.00,100 גרם,false,,6.90,2.7600,true,1,26256
7290000111117,false,בדין לבן מרכך כביסה,קריות זול,,בדין לבן מרכך כביסה,ליטרים,4.00,ליטר,false,,22.90,5.7250,true,1,26257
7290000111186,false,מיונז תלמה 500גר,קריות זול,,מיונז תלמה 500גר,גרמים,500.00,100 גרם,false,,9.90,1.9800,true,1,26259
7290000111353,false,"מיונז תלמה 1ק""ג",קריות זול,,"מיונז תלמה 1ק""ג",גרמים,1000.00,100 גרם,false,,17.90,1.7900,true,1,26263
7290000111360,false,חרדל אמיתי תלמה 250,קריות זול,,חרדל אמיתי תלמה 250,גרמים,250.00,100 גרם,false,,8.50,3.4000,true,1,26264
7290000111384,false,חרדל צנצנת תלמה 550ג,קריות זול,,חרדל צנצנת תלמה 550ג,גרמים,550.00,100 גרם,false,,11.90,2.1636,true,1,26266
7290000112220,false,טחינה 100% שומשום בא,קריות זול,,טחינה 100% שומשום בא,גרמים,500.00,100 גרם,false,,15.90,3.1800,true,1,25324
7290000112497,false,מרק עשיר עוף ואיטריו,קריות זול,,מרק עשיר עוף ואיטריו,גרמים,68.00,100 גרם,false,,10.90,16.0294,true,1,26293
7290000112503,false,מרק עשיר ירקות קנור,קריות זול,,מרק עשיר ירקות קנור,גרמים,61.00,100 גרם,false,,10.90,17.8689,true,1,26294
7290000112619,false,מרק עוף אמיתי קנור 4,קריות זול,,מרק עוף אמיתי קנור 4,גרמים,400.00,100 גרם,false,,23.90,5.9750,true,1,26298
7290000116204,false,מרק דגש קנור 1 קג,קריות זול,,מרק דגש קנור 1 קג,גרמים,1000.00,100 גרם,false,,18.90,1.8900,true,1,26350
7290000116884,false,רוטב ברביקיו קנור 30,קריות זול,,רוטב ברביקיו קנור 30,מיליליטרים,300.00,"100 מ""ל",false,,14.90,4.9667,true,1,26357
7290000116921,false,רוטב צילי מתוק קנור,קריות זול,,רוטב צילי מתוק קנור,מיליליטרים,340.00,"100 מ""ל",false,,14.90,4.3824,true,1,26358
7290000117171,false,נמס בכוס קנור 10*10,קריות זול,,נמס בכוס קנור 10*10,גרמים,46.00,100 גרם,false,,7.90,17.1739,true,1,26363
7290000117720,false,נמס בכוס קנור פטריות,קריות זול,,נמס בכוס קנור פטריות,גרמים,43.00,100 גרם,false,,7.50,17.4419,true,1,26371
7290000118277,false,קניידלך קנור 2*65 גר,קריות זול,,קניידלך קנור 2*65 גר,גרמים,130.00,100 גרם,false,,11.90,9.1538,true,1,26380
7290000120836,false,מיונז הלמנס 394 גר,קריות זול,,מיונז הלמנס 394 גר,גרמים,394.00,100 גרם,false,,13.90,3.5279,true,1,26396
7290000120874,false,מיונז הלמנס לייט 424,קריות זול,,מיונז הלמנס לייט 424,גרמים,424.00,100 גרם,false,,13.90,3.2783,true,1,26397
7290000122830,false,רוטב סצ'ואן קנור 300,קריות זול,,רוטב סצ'ואן קנור 300,מיליליטרים,300.00,"100 מ""ל",false,,14.90,4.9667,true,1,26417
7290000129457,false,רוטב פטריות קנור 28ג,קריות זול,,רוטב פטריות קנור 28ג,גרמים,28.00,100 גרם,false,,5.90,21.0714,true,1,26476
7290000134023,false,חזה הודו טרי ארוז,,,חזה הודו טרי ארוז,קילוגרמים,1.00,"ק""ג",true,,35.90,35.9000,true,1,138152
7290000134147,false,מוסקט טחון 40גר,,,מוסקט טחון 40גר,גרמים,40.00,100 גרם,false,,14.90,37.2500,true,1,51949
7290000134307,false,קינמון טחון 50גר,קריות זול,,קינמון טחון 50גר,גרמים,50.00,100 גרם,false,,5.90,11.8000,true,1,51984
7290000134338,false,אבקת שום 90גר,,,אבקת שום 90גר,גרמים,90.00,100 גרם,false,,12.90,14.3333,true,1,51995
7290000134352,false,קימנון טחון 80 גר,,,קימנון טחון 80 גר,גרמים,80.00,100 גרם,false,,10.90,13.6250,true,1,51997
7290000134376,false,פפריקה בשמן 100גר,,,פפריקה בשמן 100גר,גרמים,100.00,100 גרם,false,,10.90,10.9000,true,1,51998
7290000134550,false,עלי דפנה 20גר,קריות זול,,עלי דפנה 20גר,גרמים,20.00,100 גרם,false,,4.90,24.5000,true,1,51988
7290000134673,false,זנגביל 30גר,,,זנגביל 30גר,גרמים,30.00,100 גרם,false,,6.90,23.0000,true,1,51943
7290000134758,false,"תיבול לתפו""א 100גר",,,"תיבול לתפו""א 100גר",גרמים,100.00,100 גרם,false,,10.90,10.9000,true,1,52009
7290000134826,false,זעתר מעורב במיכל 100,,,זעתר מעורב במיכל 100,גרמים,100.00,100 גרם,false,,10.90,10.9000,true,1,51991
7290000134833,false,כמון טחון במיכל 100ג,,,כמון טחון במיכל 100ג,גרמים,100.00,100 גרם,false,,10.90,10.9000,true,1,51999
7290000134840,false,כורכום במיכל 100גר,,,כורכום במיכל 100גר,גרמים,100.00,100 גרם,false,,10.90,10.9000,true,1,51992
7290000134857,false,פפריקה מתוקה במיכל 1,,,פפריקה מתוקה במיכל 1,גרמים,100.00,100 גרם,false,,10.90,10.9000,true,1,52000
7290000134864,false,פפריקה חריפה במיכל 1,,,פפריקה חריפה במיכל 1,גרמים,100.00,100 גרם,false,,10.90,10.9000,true,1,52001
7290000134871,false,פלפל שחור טחון 100גר,,,פלפל שחור טחון 100גר,גרמים,100.00,100 גרם,false,,15.90,15.9000,true,1,52002
7290000134970,false,חוואייג 100גר,,,חוואייג 100גר,גרמים,100.00,100 גרם,false,,10.90,10.9000,true,1,51994
7290000134987,false,פלפל שחור גרוס 90גר,,,פלפל שחור גרוס 90גר,גרמים,90.00,100 גרם,false,,15.90,17.6667,true,1,52003
7290000135311,false,פפסי מקס ליים 1.5ליט,,,פפסי מקס ליים 1.5ליט,מיליליטרים,1500.00,"100 מ""ל",false,,7.90,0.5267,true,1,120468
7290000135595,false,פפסי מקס בטעם דובדבן,,,פפסי מקס בטעם דובדבן,מיליליטרים,1500.00,"100 מ""ל",false,,7.90,0.5267,true,1,140421
7290000136141,false,פפסי 1.5 ליטר,,,פפסי 1.5 ליטר,מיליליטרים,1500.00,"100 מ""ל",false,,7.90,0.5267,true,1,138259
7290000136158,false,פפסי מקס 1.5 ליטר,,,פפסי מקס 1.5 ליטר,מיליליטרים,1500.00,"100 מ""ל",false,,7.90,0.5267,true,1,138260
7290000136165,false,טמפו מירינדה 1.5 ליט,,,טמפו מירינדה 1.5 ליט,מיליליטרים,1500.00,"100 מ""ל",false,,7.90,0.5267,true,1,138257
7290000136172,false,סבן אפ 1.5 ליטר,,,סבן אפ 1.5 ליטר,מיליליטרים,1500.00,"100 מ""ל",false,,7.90,0.5267,true,1,138261
7290000136240,false,סודה טמפו 1.5ליטר,,,סודה טמפו 1.5ליטר,מיליליטרים,1500.00,"100 מ""ל",false,,4.00,0.2667,true,1,138254
7290000136257,false,ראש&טוניק טמפו 1.5לי,,,ראש&טוניק טמפו 1.5לי,מיליליטרים,1500.00,"100 מ""ל",false,,13.00,0.8667,true,1,138247
7290000136264,false,מי טוניק טמפו 1.5ליט,,,מי טוניק טמפו 1.5ליט,מיליליטרים,1500.00,"100 מ""ל",false,,13.00,0.8667,true,1,138246
7290000136288,false,סירופ בטעם תפוחים ג',,,סירופ בטעם תפוחים ג',מיליליטרים,330.00,"100 מ""ל",false,,17.90,5.4242,true,1,141203
7290000136301,false,סירופ בטעם ענבים ג'ו,,,סירופ בטעם ענבים ג'ו,מיליליטרים,330.00,"100 מ""ל",false,,17.90,5.4242,true,1,141205
7290000136455,false,גאמפ אשכוליות 1.5ליט,,,גאמפ אשכוליות 1.5ליט,מיליליטרים,1500.00,"100 מ""ל",false,,8.90,0.5933,true,1,138249
7290000136523,false,גאמפ ענבים 1.5ליטר ת,,,גאמפ ענבים 1.5ליטר ת,מיליליטרים,1500.00,"100 מ""ל",false,,8.90,0.5933,true,1,138250
7290000136677,false,פפסי 1.5 ליטר,,,פפסי 1.5 ליטר,מיליליטרים,1500.00,"100 מ""ל",false,,7.90,0.5267,true,1,138873
7290000136684,false,פפסי מקס 1.5 ליטר,,,פפסי מקס 1.5 ליטר,מיליליטרים,1500.00,"100 מ""ל",false,,7.90,0.5267,true,1,138686
7290000136691,false,סבן אפ 6*1.5ליטר,,,סבן אפ 6*1.5ליטר,מיליליטרים,9000.00,"100 מ""ל",false,,37.90,0.4211,true,1,138238
7290000136752,false,דיאט סבן אפ פרי 6*1.,,,דיאט סבן אפ פרי 6*1.,מיליליטרים,9000.00,"100 מ""ל",false,,37.90,0.4211,true,1,138239
7290000136769,false,פפסי 6*1.5ליטר,,,פפסי 6*1.5ליטר,מיליליטרים,9000.00,"100 מ""ל",false,,37.90,0.4211,true,1,138241
7290000136776,false,פפסי מקס 6*1.5ליטר,,,פפסי מקס 6*1.5ליטר,מיליליטרים,9000.00,"100 מ""ל",false,,37.90,0.4211,true,1,138242
7290000136790,false,סודה טמפו 6* 1.5 ליט,,,סודה טמפו 6* 1.5 ליט,מיליליטרים,9000.00,"100 מ""ל",false,,18.90,0.2100,true,1,138231
7290000136820,false,סודה פירות יער טמפו,,,סודה פירות יער טמפו,מיליליטרים,6000.00,"100 מ""ל",false,,12.90,0.2150,true,1,138236
7290000136844,false,מי אקווה נובה 2 ליטר,,,מי אקווה נובה 2 ליטר,מיליליטרים,12000.00,"100 מ""ל",false,,13.90,0.1158,true,1,138230
7290000136851,false,סבן אפ 1.5 ליטר,,,סבן אפ 1.5 ליטר,מיליליטרים,1500.00,"100 מ""ל",false,,7.90,0.5267,true,1,139598
7290000136868,false,מים סאן בנדטו 6* 1.5,,,מים סאן בנדטו 6* 1.5,מיליליטרים,9000.00,"100 מ""ל",false,,21.90,0.2433,true,1,138232
7290000136875,false,מים סאן בנדטו מוגז 6,,,מים סאן בנדטו מוגז 6,מיליליטרים,9000.00,"100 מ""ל",false,,23.90,0.2656,true,1,138233
7290000136936,false,סבן אפ 1.5 ליטר דיאט,,,סבן אפ 1.5 ליטר דיאט,מיליליטרים,1500.00,"100 מ""ל",false,,7.90,0.5267,true,1,139197
7290000137513,false,קרמיסימו גלידונית שו,קריות זול,,קרמיסימו גלידונית שו,גרמים,630.00,100 גרם,false,,49.90,7.9206,true,1,30571
7290000137643,false,שלגוני טעמקור 8יח,קריות זול,,שלגוני טעמקור 8יח,יח',8.00,יח',false,,42.90,5.3625,true,1,28842
7290000139609,false,פצפוצי אורז טבעי 450,,,פצפוצי אורז טבעי 450,גרמים,450.00,100 גרם,false,,12.90,2.8667,true,1,49048
7290000139623,false,פצפוצי אורז לייט 375,,,פצפוצי אורז לייט 375,גרמים,375.00,100 גרם,false,,12.90,3.4400,true,1,49050
7290000143187,false,הוואי שמפו לגבר 700מ,קריות זול,,הוואי שמפו לגבר 700מ,מיליליטרים,700.00,"100 מ""ל",false,,13.90,1.9857,true,1,30051
7290000143200,false,הוואי מרכך לשיער יבש,קריות זול,,הוואי מרכך לשיער יבש,מיליליטרים,700.00,"100 מ""ל",false,,13.90,1.9857,true,1,30053
7290000143217,false,הוואי שמפו לשיער יבש,קריות זול,,הוואי שמפו לשיער יבש,מיליליטרים,700.00,"100 מ""ל",false,,13.90,1.9857,true,1,30054
7290000143255,false,הוואי שמפו רגיל 700מ,קריות זול,,הוואי שמפו רגיל 700מ,מיליליטרים,700.00,"100 מ""ל",false,,13.90,1.9857,true,1,30055
7290000143262,false,הוואי שמפו ילדים 700,קריות זול,,הוואי שמפו ילדים 700,מיליליטרים,700.00,"100 מ""ל",false,,13.90,1.9857,true,1,30056
7290000143279,false,הוואי שמפו נגד קשקשי,קריות זול,,הוואי שמפו נגד קשקשי,מיליליטרים,700.00,"100 מ""ל",false,,13.90,1.9857,true,1,30057
7290000143286,false,הוואי מרכך רגיל 700מ,קריות זול,,הוואי מרכך רגיל 700מ,מיליליטרים,700.00,"100 מ""ל",false,,13.90,1.9857,true,1,30058
7290000144160,false,שמן זית כתית מעולה א,,,שמן זית כתית מעולה א,מיליליטרים,750.00,"100 מ""ל",false,,34.90,4.6533,true,1,50923
7290000144467,false,שמן חמניות בריאות מה,קריות זול,,שמן חמניות בריאות מה,מיליליטרים,1000.00,"100 מ""ל",false,,17.90,1.7900,true,1,32778
7290000144474,false,שמן קנולה בריאות מהט,קריות זול,,שמן קנולה בריאות מהט,מיליליטרים,1000.00,"100 מ""ל",false,,16.90,1.6900,true,1,32779
7290000146669,false,הוואי סבון מוצק שמיי,קריות זול,,הוואי סבון מוצק שמיי,גרמים,400.00,100 גרם,false,,11.90,2.9750,true,1,30092
7290000146683,false,הוואי סבון מוצק אפקט,קריות זול,,הוואי סבון מוצק אפקט,גרמים,400.00,100 גרם,false,,11.90,2.9750,true,1,30094
7290000146928,false,טום וגרי משחת שיניים,קריות זול,,טום וגרי משחת שיניים,מיליליטרים,50.00,"100 מ""ל",false,,10.90,21.8000,true,1,39605
7290000146997,false,טום וגרי משחת שיניים,,,טום וגרי משחת שיניים,מיליליטרים,50.00,"100 מ""ל",false,,10.90,21.8000,true,1,30105
7290000149615,false,נקה 7 סבון מוצק לתינ,,,נקה 7 סבון מוצק לתינ,גרמים,400.00,100 גרם,false,,11.90,2.9750,true,1,40027
7290000149851,false,סינטבון כפול 460גר,,,סינטבון כפול 460גר,גרמים,460.00,100 גרם,false,,14.90,3.2391,true,1,20647
7290000149905,false,טקסטיל שמפו 1ליטר,קריות זול,,טקסטיל שמפו 1ליטר,מיליליטרים,1000.00,"100 מ""ל",false,,14.90,1.4900,true,1,20648
7290000150468,false,פסטרמה רומנית עוף -ט,קריות זול,,פסטרמה רומנית עוף -ט,קילוגרמים,1.00,"ק""ג",true,,89.00,89.0000,true,1,72507
7290000152288,false,נקניקיות עוף עוף טוב,,,נקניקיות עוף עוף טוב,גרמים,400.00,100 גרם,false,,15.60,3.9000,true,1,72524
7290000161358,false,מיונז אמיתי משמן קנו,קריות זול,,מיונז אמיתי משמן קנו,גרמים,500.00,100 גרם,false,,14.90,2.9800,true,1,26491
7290000166605,false,סיף פנטסטיק יסמין 4ל,,,סיף פנטסטיק יסמין 4ל,מיליליטרים,4000.00,"100 מ""ל",false,,22.90,0.5725,true,1,65459
7290000169538,false,נמס בכוס קנור עגבניו,,,נמס בכוס קנור עגבניו,גרמים,62.00,100 גרם,false,,7.50,12.0968,true,1,69074
7290000169798,false,עוגי מופחת סוכר 500ג,,,עוגי מופחת סוכר 500ג,גרמים,500.00,100 גרם,false,,22.90,4.5800,true,1,69558
7290000176062,false,קפה טורקי עלית 100גר,קריות זול,,קפה טורקי עלית 100גר,גרמים,100.00,100 גרם,false,,8.50,8.5000,true,1,30346
7290000176079,false,קפה טורקי עם הל עלית,קריות זול,,קפה טורקי עם הל עלית,גרמים,100.00,100 גרם,false,,9.90,9.9000,true,1,30347
7290000176420,false,קפה נמס עלית 200גר,קריות זול,,קפה נמס עלית 200גר,גרמים,200.00,100 גרם,false,,19.90,9.9500,true,1,27187
7290000176475,false,האג קפה נטול קפאין 2,קריות זול,,האג קפה נטול קפאין 2,גרמים,200.00,100 גרם,false,,37.90,18.9500,true,1,34834
7290000178707,false,תפוציפס טבעי 50גר,קריות זול,,תפוציפס טבעי 50גר,גרמים,50.00,100 גרם,false,,4.20,8.4000,true,1,27040
7290000178721,false,תפוציפס טבעי 200גר,,,תפוציפס טבעי 200גר,גרמים,200.00,100 גרם,false,,11.70,5.8500,true,1,27042
7290000187952,false,לילי טריו נייר טאולט,,,לילי טריו נייר טאולט,יחידה,0.00,יחידה,false,,49.90,0.0000,true,1,44495
7290000188355,false,מגבות מטבח שישייה ני,,,מגבות מטבח שישייה ני,יחידה,0.00,יחידה,false,,12.90,0.0000,true,1,44313
7290000189192,false,סופר מגבת רב פעמית נ,,,סופר מגבת רב פעמית נ,100 יח',11.00,100 יח',false,,22.90,208.1818,true,1,23140
7290000189215,false,מטלית הקסם לרצפה ניק,קריות זול,,מטלית הקסם לרצפה ניק,יחידה,0.00,יחידה,false,,13.90,0.0000,true,1,23142
7290000189277,false,תבנית מלבנית גדולה ח,,,תבנית מלבנית גדולה ח,יחידה,0.00,יחידה,false,,11.90,0.0000,true,1,92292
7290000189598,false,מטליות לחות לניקוי כ,,,מטליות לחות לניקוי כ,יח',50.00,יח',false,,10.90,0.2180,true,1,47765
7290000189871,false,אשפתון 60 שקיות מתכל,,,אשפתון 60 שקיות מתכל,יח',60.00,יח',false,,25.90,0.4317,true,1,48881
7290000190068,false,מפיות ניקול 100 יח,קריות זול,,מפיות ניקול 100 יח,יח',100.00,יח',false,,7.90,0.0790,true,1,34841
7290000190136,false,חלה מתוקה ברמן,,,חלה מתוקה ברמן,גרמים,500.00,100 גרם,false,,8.90,1.7800,true,1,47090
7290000190853,false,לילי לבן נייר טואלט,,,לילי לבן נייר טואלט,יחידה,0.00,יחידה,false,,39.90,0.0000,true,1,76287
7290000191652,false,קלינקס קלאסיק ניילון,,,קלינקס קלאסיק ניילון,יחידה,0.00,יחידה,false,,11.90,0.0000,true,1,65689
7290000192581,false,מגבות נייר ניקול שיש,,,מגבות נייר ניקול שיש,יחידה,0.00,יחידה,false,,21.90,0.0000,true,1,126942
7290000193083,false,נובה לי לילי תחבושות,,,נובה לי לילי תחבושות,יח',28.00,יח',false,,10.90,0.3893,true,1,41789
7290000193649,false,לילי תחבושות נורמל א,קריות זול,,לילי תחבושות נורמל א,יחידה,0.00,יחידה,false,,15.90,0.0000,true,1,23156
7290000195216,false,נייר אפיה 50יח ניקול,,,נייר אפיה 50יח ניקול,יח',50.00,יח',false,,12.90,0.2580,true,1,70904
7290000196039,false,מפות שולחן זוג ניקול,קריות זול,,מפות שולחן זוג ניקול,גרמים,250.00,100 גרם,false,,9.90,3.9600,true,1,23167
7290000196763,false,השקית החזקה ניקול,,,השקית החזקה ניקול,יחידה,0.00,יחידה,false,,25.90,0.0000,true,1,92275
7290000197029,false,ניקול שקיות ניילון ר,קריות זול,,ניקול שקיות ניילון ר,יחידה,0.00,יחידה,false,,12.90,0.0000,true,1,43472
7290000197081,false,ניילון נצמד 150 מטר,,,ניילון נצמד 150 מטר,יחידה,150.00,יחידה,false,,27.90,0.1860,true,1,48337
7290000197326,false,ניקול רדיד אלומיניום,קריות זול,,ניקול רדיד אלומיניום,מטרים,15.00,מטר,false,,12.90,0.8600,true,1,23168
7290000197425,false,האגיס פרידום דריי של,,,האגיס פרידום דריי של,יחידה,0.00,יחידה,false,,48.90,0.0000,true,1,74033
7290000197432,false,ניקול שקיות אוכל זוג,קריות זול,,ניקול שקיות אוכל זוג,גרמים,150.00,100 גרם,false,,13.90,9.2667,true,1,23170
7290000197456,false,האגיס פרידום דריי של,,,האגיס פרידום דריי של,יחידה,0.00,יחידה,false,,48.90,0.0000,true,1,74034
7290000197463,false,האגיס פרידום דריי של,,,האגיס פרידום דריי של,יחידה,0.00,יחידה,false,,48.90,0.0000,true,1,74035
7290000197470,false,"שקיות רב""ש להקפאה",קריות זול,,"שקיות רב""ש להקפאה",יח',50.00,יח',false,,14.90,0.2980,true,1,23171
7290000197548,false,האגיס פרידום דריי של,,,האגיס פרידום דריי של,יחידה,0.00,יחידה,false,,48.90,0.0000,true,1,74036
7290000197654,false,אשפתון שקיות אשפה ענ,קריות זול,,אשפתון שקיות אשפה ענ,יח',50.00,יח',false,,19.90,0.3980,true,1,23174
7290000197678,false,האגיס פרידום דריי של,,,האגיס פרידום דריי של,יחידה,0.00,יחידה,false,,48.90,0.0000,true,1,74037
7290000197982,false,ניקול רדיד אלומיניום,,,ניקול רדיד אלומיניום,מטרים,15.00,מטר,false,,19.90,1.3267,true,1,34872
7290000200019,false,עוף שלם טרי ארוז,,,עוף שלם טרי ארוז,קילוגרמים,1.00,"ק""ג",true,,20.90,20.9000,true,1,90741
7290000200026,false,חזה עוף טרי ארוז,,,חזה עוף טרי ארוז,קילוגרמים,1.00,"ק""ג",true,,39.90,39.9000,true,1,90742
7290000200033,false,כרעיים עוף טרי ארוז,,,כרעיים עוף טרי ארוז,קילוגרמים,1.00,"ק""ג",true,,29.90,29.9000,true,1,90743
7290000200040,false,שוקיים עוף טרי ארוז,,,שוקיים עוף טרי ארוז,קילוגרמים,1.00,"ק""ג",true,,37.90,37.9000,true,1,90744
7290000200057,false,שניצל עוף טרי ארוז,,,שניצל עוף טרי ארוז,קילוגרמים,1.00,"ק""ג",true,,44.90,44.9000,true,1,90745
7290000200064,false,כנפיים עוף טרי ארוז,,,כנפיים עוף טרי ארוז,קילוגרמים,1.00,"ק""ג",true,,12.90,12.9000,true,1,90746
7290000200071,false,ירכיים עוף טרי ארוז,,,ירכיים עוף טרי ארוז,קילוגרמים,1.00,"ק""ג",true,,29.90,29.9000,true,1,90747
7290000200088,false,פרגיות טרי ארוז,,,פרגיות טרי ארוז,קילוגרמים,1.00,"ק""ג",true,,69.90,69.9000,true,1,90748
7290000200095,false,כבד עוף טרי ארוז לצל,,,כבד עוף טרי ארוז לצל,קילוגרמים,1.00,"ק""ג",true,,24.90,24.9000,true,1,90749
7290000200101,false,קורקבן עוף טרי ארוז,,,קורקבן עוף טרי ארוז,קילוגרמים,1.00,"ק""ג",true,,10.90,10.9000,true,1,90750
7290000200125,false,לב עוף טרי ארוז,,,לב עוף טרי ארוז,קילוגרמים,1.00,"ק""ג",true,,34.90,34.9000,true,1,90751
7290000200149,false,פילה עוף טרי ארוז,,,פילה עוף טרי ארוז,קילוגרמים,1.00,"ק""ג",true,,39.90,39.9000,true,1,90753
7290000200156,false,חזה הודו טרי ארוז,,,חזה הודו טרי ארוז,קילוגרמים,1.00,"ק""ג",true,,35.90,35.9000,true,1,90777
7290000200170,false,שווארמה הודו טרי ארו,,,שווארמה הודו טרי ארו,קילוגרמים,1.00,"ק""ג",true,,74.90,74.9000,true,1,90755
7290000200187,false,בשר אדום הודו טרי אר,,,בשר אדום הודו טרי אר,קילוגרמים,1.00,"ק""ג",true,,57.90,57.9000,true,1,90756
7290000200194,false,כנפיים הודו טרי ארוז,,,כנפיים הודו טרי ארוז,קילוגרמים,1.00,"ק""ג",true,,17.90,17.9000,true,1,90757
7290000200224,false,גרון הודו טרי ארוז,,,גרון הודו טרי ארוז,קילוגרמים,1.00,"ק""ג",true,,31.90,31.9000,true,1,90760
7290000200255,false,שישליק הודו טרי ארוז,,,שישליק הודו טרי ארוז,קילוגרמים,1.00,"ק""ג",true,,49.90,49.9000,true,1,90763
7290000200262,false,עופיון טרי,,,עופיון טרי,יחידה,0.00,יחידה,false,,19.90,0.0000,true,1,94815
7290000204086,false,כרית קרצוף ניקול 3 י,קריות זול,,כרית קרצוף ניקול 3 י,יחידה,0.00,יחידה,false,,12.90,0.0000,true,1,23178
7290000204215,false,כריות יפניות ניקול 6,קריות זול,,כריות יפניות ניקול 6,יח',4.00,יח',false,,12.90,3.2250,true,1,34876
7290000204253,false,מטלית רב שימושית ניק,קריות זול,,מטלית רב שימושית ניק,יח',9.00,יח',false,,12.90,1.4333,true,1,23180
7290000204307,false,מטליות רב שימושיות ב,,,מטליות רב שימושיות ב,יח',40.00,יח',false,,19.90,0.4975,true,1,47760
7290000204512,false,מטליות לחות לרצפה בר,,,מטליות לחות לרצפה בר,יחידה,0.00,יחידה,false,,11.90,0.0000,true,1,92296
7290000207063,false,רסק עגבניות פריכוז 2,,,רסק עגבניות פריכוז 2,גרמים,260.00,100 גרם,false,,4.90,1.8846,true,1,22282
7290000207162,false,רוטב עגבניות 22% 100,קריות זול,,רוטב עגבניות 22% 100,גרמים,100.00,100 גרם,false,,2.50,2.5000,true,1,22284
7290000207438,false,עגבניות קוביות 800גר,,,עגבניות קוביות 800גר,גרמים,800.00,100 גרם,false,,9.90,1.2375,true,1,22285
7290000208022,false,עגבניות מרוסקות 800ג,קריות זול,,עגבניות מרוסקות 800ג,גרמים,800.00,100 גרם,false,,9.90,1.2375,true,1,22288
7290000208077,false,אפונה גדולה יכין 550,קריות זול,,אפונה גדולה יכין 550,גרמים,550.00,100 גרם,false,,9.50,1.7273,true,1,22290
7290000208114,false,אפונה וגזר יכין 550ג,,,אפונה וגזר יכין 550ג,גרמים,550.00,100 גרם,false,,9.50,1.7273,true,1,22291
7290000208138,false,סירופ דייאט ענבים יכ,,,סירופ דייאט ענבים יכ,מיליליטרים,1000.00,"100 מ""ל",false,,16.90,1.6900,true,1,22293
7290000208145,false,תירס לייט יכין 550גר,קריות זול,,תירס לייט יכין 550גר,גרמים,550.00,100 גרם,false,,10.90,1.9818,true,1,22294
7290000208213,false,שעועית לבנה ברוטב עג,קריות זול,,שעועית לבנה ברוטב עג,גרמים,580.00,100 גרם,false,,9.90,1.7069,true,1,22297
7290000208220,false,שעועית צילי יכין 550,קריות זול,,שעועית צילי יכין 550,גרמים,550.00,100 גרם,false,,9.90,1.8000,true,1,22298
7290000208244,false,בסיס עגבניות לשקשוקה,קריות זול,,בסיס עגבניות לשקשוקה,גרמים,570.00,100 גרם,false,,9.90,1.7368,true,1,22300
7290000208251,false,שעועית ירוקה חתוכה י,קריות זול,,שעועית ירוקה חתוכה י,גרמים,550.00,100 גרם,false,,9.90,1.8000,true,1,22301
7290000208329,false,תירס מתוק יכין 550גר,קריות זול,,תירס מתוק יכין 550גר,גרמים,550.00,100 גרם,false,,9.50,1.7273,true,1,22303
7290000208336,false,רוטב עגבניות יכין 22,קריות זול,,רוטב עגבניות יכין 22,גרמים,240.00,100 גרם,false,,4.90,2.0417,true,1,22304
7290000208367,false,עגבניות מרוסקות בתוס,,,עגבניות מרוסקות בתוס,גרמים,800.00,100 גרם,false,,9.90,1.2375,true,1,39505
7290000208428,false,חומוס שלם יכין 550גר,קריות זול,,חומוס שלם יכין 550גר,גרמים,550.00,100 גרם,false,,9.90,1.8000,true,1,22306
7290000208459,false,ירקות מעורבים יכין 5,קריות זול,,ירקות מעורבים יכין 5,גרמים,550.00,100 גרם,false,,9.90,1.8000,true,1,56833
7290000208800,false,תירס קיד יכין מתוק 2,,,תירס קיד יכין מתוק 2,גרמים,285.00,100 גרם,false,,7.90,2.7719,true,1,52530
7290000208855,false,רוטב לפסטה קלאסי יכי,קריות זול,,רוטב לפסטה קלאסי יכי,גרמים,240.00,100 גרם,false,,6.90,2.8750,true,1,22317
7290000208893,false,תירס לייט ואקום 340,קריות זול,,תירס לייט ואקום 340,גרמים,340.00,100 גרם,false,,7.90,2.3235,true,1,34882
7290000208947,false,עגבניות מרוסקות יכין,,,עגבניות מרוסקות יכין,גרמים,240.00,100 גרם,false,,6.90,2.8750,true,1,22320
7290000208978,false,רסק עגבניות פריכוז %,,,רסק עגבניות פריכוז %,גרמים,100.00,100 גרם,false,,2.90,2.9000,true,1,43601
7290000209012,false,חומץ הדרים יכין 1 לי,קריות זול,,חומץ הדרים יכין 1 לי,מיליליטרים,1000.00,"100 מ""ל",false,,5.90,0.5900,true,1,22323
7290000209043,false,מיץ לימון משומר 1ל,,,מיץ לימון משומר 1ל,מיליליטרים,1000.00,"100 מ""ל",false,,5.90,0.5900,true,1,22324
7290000209371,false,תירס יכין שלישייה 3*,,,תירס יכין שלישייה 3*,גרמים,495.00,100 גרם,false,,15.90,3.2121,true,1,72777
7290000209388,false,תירס ליייט שלישייה 3,,,תירס ליייט שלישייה 3,גרמים,495.00,100 גרם,false,,15.90,3.2121,true,1,72778
7290000209517,false,סירופ דייאט לימון יכ,,,סירופ דייאט לימון יכ,מיליליטרים,1000.00,"100 מ""ל",false,,16.90,1.6900,true,1,22335
7290000209524,false,סירופ דיאט פטל יכין,,,סירופ דיאט פטל יכין,מיליליטרים,1000.00,"100 מ""ל",false,,16.90,1.6900,true,1,22336
7290000209531,false,סירופ דייאט אשכוליות,,,סירופ דייאט אשכוליות,מיליליטרים,1000.00,"100 מ""ל",false,,16.90,1.6900,true,1,22337
7290000209555,false,"סירופ דייאט תפוח""ע י",,,"סירופ דייאט תפוח""ע י",מיליליטרים,1000.00,"100 מ""ל",false,,16.90,1.6900,true,1,22338
7290000209579,false,סירופ דייאט אננס יכי,,,סירופ דייאט אננס יכי,מיליליטרים,1000.00,"100 מ""ל",false,,16.90,1.6900,true,1,22340
7290000209708,false,עגבניות מרוסקות בזיל,,,עגבניות מרוסקות בזיל,גרמים,240.00,100 גרם,false,,6.90,2.8750,true,1,22341
7290000209722,false,רסק עגבניות פריכוז 2,,,רסק עגבניות פריכוז 2,גרמים,580.00,100 גרם,false,,10.90,1.8793,true,1,22342
7290000209906,false,עגבניות מרוסקות בצל,,,עגבניות מרוסקות בצל,גרמים,240.00,100 גרם,false,,6.90,2.8750,true,1,45425
7290000209913,false,עגבניות קוביות יכין,,,עגבניות קוביות יכין,גרמים,240.00,100 גרם,false,,6.90,2.8750,true,1,46787
7290000209944,false,רוטב שקשוקה יכין 240,,,רוטב שקשוקה יכין 240,גרמים,240.00,100 גרם,false,,6.90,2.8750,true,1,48658
7290000209951,false,רוטב פיצה יכין 240 ג,,,רוטב פיצה יכין 240 ג,גרמים,240.00,100 גרם,false,,6.90,2.8750,true,1,47358
7290000209968,false,רוטב לזניה יכין 240,,,רוטב לזניה יכין 240,גרמים,240.00,100 גרם,false,,6.90,2.8750,true,1,48659
7290000210469,false,עגבניות שלמות יכין 7,,,עגבניות שלמות יכין 7,גרמים,700.00,100 גרם,false,,9.90,1.4143,true,1,48642
7290000210896,false,רוטב בולונז יכין 240,,,רוטב בולונז יכין 240,גרמים,240.00,100 גרם,false,,6.90,2.8750,true,1,51749
7290000211169,false,אורז תאילנדי סוגת 1ק,קריות זול,,אורז תאילנדי סוגת 1ק,גרמים,1000.00,100 גרם,false,,8.90,0.8900,true,1,32153
7290000211312,false,אורז מלא פרסי סוגת 1,קריות זול,,אורז מלא פרסי סוגת 1,גרמים,1000.00,100 גרם,false,,10.90,1.0900,true,1,32784
7290000211381,false,סוכר חום כהה בשקית ס,קריות זול,,סוכר חום כהה בשקית ס,גרמים,1000.00,100 גרם,false,,10.90,1.0900,true,1,32155
7290000211442,false,אורז פרסי קלאסי שקית,קריות זול,,אורז פרסי קלאסי שקית,גרמים,1000.00,100 גרם,false,,10.90,1.0900,true,1,32156
7290000211503,false,"סוכר סוגת 1 ק""ג",,,"סוכר סוגת 1 ק""ג",גרמים,1000.00,100 גרם,false,,4.50,0.4500,true,1,32157
7290000211626,false,אורז חיש סוגת 1קג,קריות זול,,אורז חיש סוגת 1קג,גרמים,1000.00,100 גרם,false,,10.90,1.0900,true,1,32159
7290000211985,false,אורז עגול סוגת 1קג,קריות זול,,אורז עגול סוגת 1קג,גרמים,1000.00,100 גרם,false,,10.90,1.0900,true,1,32161
7290000212173,false,וופל טעם שוקולד מנעמ,קריות זול,,וופל טעם שוקולד מנעמ,גרמים,200.00,100 גרם,false,,10.90,5.4500,true,1,31060
7290000212401,false,וופל מצופית מנעמים 4,קריות זול,,וופל מצופית מנעמים 4,גרמים,400.00,100 גרם,false,,10.90,2.7250,true,1,25328
7290000212579,false,וופל מצופה מנעמים 40,,,וופל מצופה מנעמים 40,גרמים,800.00,100 גרם,false,,18.90,2.3625,true,1,43744
7290000214115,false,מרק עוף ויטה 400 גר,קריות זול,,מרק עוף ויטה 400 גר,גרמים,400.00,100 גרם,false,,10.90,2.7250,true,1,27619
7290000218502,false,חמין ויטה 568 גרם,קריות זול,,חמין ויטה 568 גרם,גרמים,568.00,100 גרם,false,,9.90,1.7430,true,1,27632
7290000238029,false,*מבצע* בצק עלים מעדנ,קריות זול,,*מבצע* בצק עלים מעדנ,גרמים,1000.00,100 גרם,false,,16.90,1.6900,true,1,28810
7290000238036,false,מלווח מעדנות קופסא 7,קריות זול,,מלווח מעדנות קופסא 7,גרמים,700.00,100 גרם,false,,16.90,2.4143,true,1,29117
7290000238173,false,בורקס גבינה מעדנות 8,קריות זול,,בורקס גבינה מעדנות 8,גרמים,800.00,100 גרם,false,,21.90,2.7375,true,1,28811
7290000238180,false,"בורקס תפו""א מעדנות 8",קריות זול,,"בורקס תפו""א מעדנות 8",גרמים,800.00,100 גרם,false,,19.90,2.4875,true,1,28812
7290000240541,false,ריבועי בצק בורקס מעד,קריות זול,,ריבועי בצק בורקס מעד,גרמים,800.00,100 גרם,false,,24.90,3.1125,true,1,29119
7290000243566,false,שמן קנולה בריאות עץ,,,שמן קנולה בריאות עץ,מיליליטרים,750.00,"100 מ""ל",false,,13.90,1.8533,true,1,65079
7290000245072,false,סוד מרכך כביסה בייבי,קריות זול,,סוד מרכך כביסה בייבי,ליטרים,4.00,ליטר,false,,17.90,4.4750,true,1,30120
7290000245157,false,סוד מרכך כביסה סנסיי,קריות זול,,סוד מרכך כביסה סנסיי,ליטרים,4.00,ליטר,false,,17.90,4.4750,true,1,30123
7290000245270,false,פרסיל סופרא שקית אבק,קריות זול,,פרסיל סופרא שקית אבק,קילוגרמים,1.25,"ק""ג",false,,14.90,11.9200,true,1,30128
7290000245294,false,פרסיל אבקת כביסה סופ,,,פרסיל אבקת כביסה סופ,קילוגרמים,2.50,"ק""ג",false,,24.90,9.9600,true,1,62637
7290000245478,false,סוד בייבי אבקת כביסה,,,סוד בייבי אבקת כביסה,קילוגרמים,1.25,"ק""ג",false,,13.90,11.1200,true,1,30131
7290000245508,false,סוד פרפקט אבקת כביסה,קריות זול,,סוד פרפקט אבקת כביסה,קילוגרמים,1.25,"ק""ג",false,,13.90,11.1200,true,1,30132
7290000245515,false,סוד קומפורט פרפיום א,קריות זול,,סוד קומפורט פרפיום א,קילוגרמים,1.25,"ק""ג",false,,13.90,11.1200,true,1,30133
7290000245539,false,סוד קומפקט קולור אבק,קריות זול,,סוד קומפקט קולור אבק,קילוגרמים,1.25,"ק""ג",false,,13.90,11.1200,true,1,30134
7290000245782,false,סוד מרכך כביסה ורדי,קריות זול,,סוד מרכך כביסה ורדי,ליטרים,4.00,ליטר,false,,17.90,4.4750,true,1,30142
7290000253220,false,שוקולד ציפס 300גר,,,שוקולד ציפס 300גר,גרמים,300.00,100 גרם,false,,14.90,4.9667,true,1,22401
7290000253251,false,שוקולד ציפס לבן  250,,,שוקולד ציפס לבן  250,גרמים,250.00,100 גרם,false,,14.90,5.9600,true,1,22402
7290000253459,false,נטיפי צ'יפס בטעם קרמ,,,נטיפי צ'יפס בטעם קרמ,גרמים,250.00,100 גרם,false,,14.90,5.9600,true,1,120778
7290000254197,false,קפה קלוי וטחון לאספר,קריות זול,,קפה קלוי וטחון לאספר,גרמים,200.00,100 גרם,false,,28.90,14.4500,true,1,30357
7290000262031,false,מולט לב נייר טואלט 3,,,מולט לב נייר טואלט 3,גרמים,1850.00,100 גרם,false,,31.90,1.7243,true,1,49298
7290000262413,false,האגיס אקסטרא קייר מי,,,האגיס אקסטרא קייר מי,יחידה,0.00,יחידה,false,,49.90,0.0000,true,1,105405
7290000267012,false,שקדים מולבנים השף 10,,,שקדים מולבנים השף 10,גרמים,100.00,100 גרם,false,,10.90,10.9000,true,1,55121
7290000267036,false,שקדים מולבנים שבבים,קריות זול,,שקדים מולבנים שבבים,גרמים,100.00,100 גרם,false,,10.90,10.9000,true,1,31066
7290000267043,false,שקד פרוס השף 100גר,קריות זול,,שקד פרוס השף 100גר,גרמים,100.00,100 גרם,false,,10.90,10.9000,true,1,55123
7290000267555,false,בוטנים טבעיים גרוסים,,,בוטנים טבעיים גרוסים,גרמים,100.00,100 גרם,false,,6.90,6.9000,true,1,66961
7290000267586,false,גרעייני חמניה קלופים,,,גרעייני חמניה קלופים,גרמים,150.00,100 גרם,false,,5.90,3.9333,true,1,68491
7290000267678,false,גרעיני דלעת טבעי קלו,,,גרעיני דלעת טבעי קלו,גרמים,150.00,100 גרם,false,,7.90,5.2667,true,1,68492
7290000272696,false,מיץ לימון טבעי משומר,קריות זול,,מיץ לימון טבעי משומר,מיליליטרים,1000.00,"100 מ""ל",false,,12.90,1.2900,true,1,23782
7290000272726,false,חומץ טבעי 5% עסיס 1,קריות זול,,חומץ טבעי 5% עסיס 1,מיליליטרים,1000.00,"100 מ""ל",false,,8.90,0.8900,true,1,23784
7290000286228,false,סנו סושי ספוגיות לני,קריות זול,,סנו סושי ספוגיות לני,יחידה,0.00,יחידה,false,,11.90,0.0000,true,1,26894
7290000286488,false,ספוג פיראט,,,ספוג פיראט,יחידה,0.00,יחידה,false,,10.90,0.0000,true,1,48301
7290000286549,false,מטליות לכל סנו סושי,קריות זול,,מטליות לכל סנו סושי,יח',9.00,יח',false,,11.90,1.3222,true,1,25636
7290000287102,false,סנו שמפו שטיחים 540מ,קריות זול,,סנו שמפו שטיחים 540מ,מיליליטרים,540.00,"100 מ""ל",false,,22.90,4.2407,true,1,25648
7290000287195,false,סנו רהיט מבריק רהיטי,קריות זול,,סנו רהיט מבריק רהיטי,מיליליטרים,300.00,"100 מ""ל",false,,16.90,5.6333,true,1,25650
7290000287430,false,סנובון שלישיה צבעוני,קריות זול,,סנובון שלישיה צבעוני,גרמים,165.00,100 גרם,false,,13.90,8.4242,true,1,25654
7290000288017,false,אקונומיקה סנו ז'אוול,קריות זול,,אקונומיקה סנו ז'אוול,מיליליטרים,1000.00,"100 מ""ל",false,,9.90,0.9900,true,1,26896
7290000288024,false,אקונומיקה סנו ז'אוול,קריות זול,,אקונומיקה סנו ז'אוול,ליטרים,4.00,ליטר,false,,17.90,4.4750,true,1,25661
7290000288048,false,סנו ז'אוול מרסס מונט,קריות זול,,סנו ז'אוול מרסס מונט,מיליליטרים,1000.00,"100 מ""ל",false,,19.90,1.9900,true,1,25663
7290000288086,false,סנו ז'אוול אבקת לניק,קריות זול,,סנו ז'אוול אבקת לניק,גרמים,600.00,100 גרם,false,,10.90,1.8167,true,1,25666
7290000288109,false,סנו מקסימה אבקת כביס,קריות זול,,סנו מקסימה אבקת כביס,קילוגרמים,1.25,"ק""ג",false,,14.90,11.9200,true,1,25667
7290000288352,false,מדביר K - 300,קריות זול,,מדביר K - 300,100 יח',630.00,100 יח',false,,24.90,3.9524,true,1,25671
7290000288642,false,סנו מקסימה מרכך כביס,קריות זול,,סנו מקסימה מרכך כביס,ליטרים,4.00,ליטר,false,,23.90,5.9750,true,1,25679
7290000289069,false,סנו ז'אוול מרסס לימו,קריות זול,,סנו ז'אוול מרסס לימו,מיליליטרים,1000.00,"100 מ""ל",false,,19.90,1.9900,true,1,25683
7290000289496,false,סנו ז'אוול ג'ל קרם מ,קריות זול,,סנו ז'אוול ג'ל קרם מ,מיליליטרים,750.00,"100 מ""ל",false,,13.90,1.8533,true,1,25693
7290000289748,false,סנו פורטה פלוס לתנור,קריות זול,,סנו פורטה פלוס לתנור,מיליליטרים,750.00,"100 מ""ל",false,,15.90,2.1200,true,1,25696
7290000289885,false,סנו פרש ענק אושן כחו,קריות זול,,סנו פרש ענק אושן כחו,מיליליטרים,375.00,"100 מ""ל",false,,11.90,3.1733,true,1,25697
7290000291857,false,פוליויקס לוטוס 2ליטר,קריות זול,,פוליויקס לוטוס 2ליטר,ליטרים,2.00,ליטר,false,,23.90,11.9500,true,1,25705
7290000292687,false,סנובון לאסלה כחול של,קריות זול,,סנובון לאסלה כחול של,גרמים,165.00,100 גרם,false,,17.90,10.8485,true,1,25721
7290000292939,false,סנו אקווה בלו למיכל,,,סנו אקווה בלו למיכל,גרמים,100.00,100 גרם,false,,13.90,13.9000,true,1,25723
7290000293561,false,סנו מסיר עובש 750מל,קריות זול,,סנו מסיר עובש 750מל,מיליליטרים,750.00,"100 מ""ל",false,,16.90,2.2533,true,1,25730
7290000293943,false,אנטי קאלק מרסס 1ליטר,קריות זול,,אנטי קאלק מרסס 1ליטר,מיליליטרים,1000.00,"100 מ""ל",false,,21.90,2.1900,true,1,25733
7290000294575,false,סנו סושי רב מגבת 63ד,,,סנו סושי רב מגבת 63ד,גרמים,200.00,100 גרם,false,,13.90,6.9500,true,1,74713
7290000294780,false,אקונומיקה סנו ז'אוול,קריות זול,,אקונומיקה סנו ז'אוול,ליטרים,4.00,ליטר,false,,17.90,4.4750,true,1,31733
7290000295121,false,מטלית זיגזג 3יח,קריות זול,,מטלית זיגזג 3יח,יח',3.00,יח',false,,11.90,3.9667,true,1,26899
7290000295299,false,סנו סושי כריות יפניו,קריות זול,,סנו סושי כריות יפניו,יח',4.00,יח',false,,11.90,2.9750,true,1,25741
7290000295336,false,סנו מקסימה סנסיטיב א,קריות זול,,סנו מקסימה סנסיטיב א,קילוגרמים,1.25,"ק""ג",false,,14.90,11.9200,true,1,25743
7290000295343,false,סנו מקסימה ביו אבקת,קריות זול,,סנו מקסימה ביו אבקת,קילוגרמים,1.25,"ק""ג",false,,14.90,11.9200,true,1,25744
7290000295367,false,"אבקת מקסימה 2.5 ק""ג",קריות זול,,"אבקת מקסימה 2.5 ק""ג",קילוגרמים,2.50,"ק""ג",false,,25.90,10.3600,true,1,79591
7290000295404,false,שקיות אשפה 60 יח סנו,קריות זול,,שקיות אשפה 60 יח סנו,יח',60.00,יח',false,,25.90,0.4317,true,1,26900
7290000295558,false,סנו סושי צמד רדידי א,קריות זול,,סנו סושי צמד רדידי א,מטרים,0.30,מטר,false,,10.90,36.3333,true,1,25751
7290000295749,false,ספוג סאקי סנו,קריות זול,,ספוג סאקי סנו,יחידה,0.00,יחידה,false,,12.90,0.0000,true,1,34959
7290000295794,false,ספוגית מתכת סנו סושי,,,ספוגית מתכת סנו סושי,יחידה,0.00,יחידה,false,,10.90,0.0000,true,1,105293
7290000300016,false,פילה נסיכת הנילוס טר,,,פילה נסיכת הנילוס טר,קילוגרמים,1.00,"ק""ג",true,,69.90,69.9000,true,1,90832
7290000300108,false,דג בס טרי,,,דג בס טרי,קילוגרמים,1.00,"ק""ג",true,,49.90,49.9000,true,1,90841
7290000300900,false,שניצל תירס טבעול 750,קריות זול,,שניצל תירס טבעול 750,גרמים,750.00,100 גרם,false,,28.90,3.8533,true,1,23797
7290000301910,false,לב עוף טרי ארוז,,,לב עוף טרי ארוז,קילוגרמים,1.00,"ק""ג",true,,34.90,34.9000,true,1,106767
7290000301920,false,כבד עוף טרי ארוז לצל,,,כבד עוף טרי ארוז לצל,קילוגרמים,1.00,"ק""ג",true,,24.90,24.9000,true,1,106768
7290000303581,false,פול מיצרי 560גר,קריות זול,,פול מיצרי 560גר,גרמים,560.00,100 גרם,false,,8.90,1.5893,true,1,27666
7290000303598,false,שעועית אפוייה 550גר,קריות זול,,שעועית אפוייה 550גר,גרמים,550.00,100 גרם,false,,8.90,1.6182,true,1,27667
7290000303604,false,חומוס גרגירים 550גר,קריות זול,,חומוס גרגירים 550גר,גרמים,550.00,100 גרם,false,,8.90,1.6182,true,1,27668
7290000307015,false,אפונת גינה גדולה 550,קריות זול,,אפונת גינה גדולה 550,גרמים,550.00,100 גרם,false,,8.90,1.6182,true,1,27669
7290000307046,false,אפונה וגזר 550גר,קריות זול,,אפונה וגזר 550גר,גרמים,550.00,100 גרם,false,,8.90,1.6182,true,1,27670
7290000307220,false,תירס מתוק ואקום 340ג,קריות זול,,תירס מתוק ואקום 340ג,גרמים,340.00,100 גרם,false,,6.90,2.0294,true,1,27671
7290000307237,false,תירס גרעינים 550 גר,קריות זול,,תירס גרעינים 550 גר,גרמים,550.00,100 גרם,false,,8.90,1.6182,true,1,27672
7290000307800,false,פול ירוק 800גר,קריות זול,,פול ירוק 800גר,גרמים,800.00,100 גרם,false,,10.90,1.3625,true,1,27679
7290000307985,false,תירס ללא תוספת סוכר,קריות זול,,תירס ללא תוספת סוכר,גרמים,340.00,100 גרם,false,,8.90,2.6176,true,1,27680
7290000311128,false,עוגיות בטעם חמאה 300,,,עוגיות בטעם חמאה 300,גרמים,300.00,100 גרם,false,,7.90,2.6333,true,1,93984
7290000311203,false,וופל מן שוקו 200גר,,,וופל מן שוקו 200גר,גרמים,200.00,100 גרם,false,,5.90,2.9500,true,1,56220
7290000311210,false,וופל מן לימון 200גר,,,וופל מן לימון 200גר,גרמים,200.00,100 גרם,false,,5.90,2.9500,true,1,56221
7290000311272,false,וופל מן במילוי חלווה,,,וופל מן במילוי חלווה,גרמים,180.00,100 גרם,false,,5.90,3.2778,true,1,68067
7290000311319,false,וופל מן מצופה 1קג,,,וופל מן מצופה 1קג,גרמים,1000.00,100 גרם,false,,29.90,2.9900,true,1,91852
7290000311357,false,וופל מן בטעם אגוזים,,,וופל מן בטעם אגוזים,גרמים,280.00,100 גרם,false,,13.90,4.9643,true,1,74949
7290000311364,false,וופל מן בטעם שוקולד,,,וופל מן בטעם שוקולד,גרמים,200.00,100 גרם,false,,8.90,4.4500,true,1,94464
7290000311425,false,וופל מן מצופים עשירי,,,וופל מן מצופים עשירי,גרמים,220.00,100 גרם,false,,8.90,4.0455,true,1,41426
7290000311500,false,וופל מן שוקו 500גר,,,וופל מן שוקו 500גר,גרמים,500.00,100 גרם,false,,10.90,2.1800,true,1,40783
7290000311517,false,וופל מן לימון 500גר,,,וופל מן לימון 500גר,גרמים,500.00,100 גרם,false,,10.90,2.1800,true,1,40784
7290000311708,false,עוגיות חיטה מלאה 300,,,עוגיות חיטה מלאה 300,גרמים,300.00,100 גרם,false,,7.90,2.6333,true,1,93981
7290000311722,false,עוגיות כוכבים בטעם ו,,,עוגיות כוכבים בטעם ו,גרמים,300.00,100 גרם,false,,7.90,2.6333,true,1,93980
7290000311753,false,עוגיות חיטה מלאה  בט,,,עוגיות חיטה מלאה  בט,גרמים,250.00,100 גרם,false,,7.90,3.1600,true,1,112601
7290000311845,false,עוגיות קמח מלא ללא ס,,,עוגיות קמח מלא ללא ס,גרמים,200.00,100 גרם,false,,10.90,5.4500,true,1,93985
7290000311869,false,וופל מן בטעם שוקולד,,,וופל מן בטעם שוקולד,גרמים,180.00,100 גרם,false,,8.90,4.9444,true,1,93987
7290000311876,false,וופל מן בטעם וניל לל,,,וופל מן בטעם וניל לל,גרמים,180.00,100 גרם,false,,8.90,4.9444,true,1,93988
7290000311883,false,עוגיות גרנולה ללא סו,,,עוגיות גרנולה ללא סו,גרמים,200.00,100 גרם,false,,10.90,5.4500,true,1,93986
7290000313160,false,חברים זהבה ושלושת הד,קריות זול,,חברים זהבה ושלושת הד,גרמים,250.00,100 גרם,false,,8.90,3.5600,true,1,23812
7290000313184,false,חברים ביסקויט גן חיו,קריות זול,,חברים ביסקויט גן חיו,גרמים,250.00,100 גרם,false,,8.90,3.5600,true,1,23813
7290000313290,false,נודלס איטריות מסולסל,קריות זול,,נודלס איטריות מסולסל,גרמים,200.00,100 גרם,false,,10.90,5.4500,true,1,23815
7290000315140,false,"קורנפלקס מלא בד""צ 50",,,"קורנפלקס מלא בד""צ 50",גרמים,500.00,100 גרם,false,,18.90,3.7800,true,1,69559
7290000318127,false,נקניקיות ביס יחיעם 3,קריות זול,,נקניקיות ביס יחיעם 3,גרמים,380.00,100 גרם,false,,12.90,3.3947,true,1,20064
7290000318165,false,פסטרמה אמיתית צלויה,קריות זול,,פסטרמה אמיתית צלויה,קילוגרמים,1.00,"ק""ג",true,,89.00,89.0000,true,1,39046
7290000318479,false,פרושטו בקר יחיעם 100,קריות זול,,פרושטו בקר יחיעם 100,גרמים,100.00,100 גרם,false,,29.90,29.9000,true,1,20074
7290000318677,false,סלמי סרוולט יחיעם 15,קריות זול,,סלמי סרוולט יחיעם 15,גרמים,150.00,100 גרם,false,,29.90,19.9333,true,1,39100
7290000318806,false,סלמי סרוולד יחיעם,,,סלמי סרוולד יחיעם,קילוגרמים,1.00,"ק""ג",true,,179.00,179.0000,true,1,39053
7290000319124,false,סלמי סרוולט 250 גרם,קריות זול,,סלמי סרוולט 250 גרם,גרמים,250.00,100 גרם,false,,42.90,17.1600,true,1,20084
7290000319131,false,נקניקיות עוף יחיעם 4,קריות זול,,נקניקיות עוף יחיעם 4,גרמים,400.00,100 גרם,false,,12.90,3.2250,true,1,20085
7290000319520,false,סלמי צרפתי יחיעם 100,קריות זול,,סלמי צרפתי יחיעם 100,גרמים,100.00,100 גרם,false,,21.90,21.9000,true,1,34977
7290000319704,false,כתף בקר מעושן יחיעם,קריות זול,,כתף בקר מעושן יחיעם,קילוגרמים,1.00,"ק""ג",true,,139.00,139.0000,true,1,65756
7290000319803,false,קבנוס קלאסי יחיעם 12,,,קבנוס קלאסי יחיעם 12,גרמים,125.00,100 גרם,false,,15.50,12.4000,true,1,73420
7290000319834,false,קבנוס פפרוני קלאסי י,,,קבנוס פפרוני קלאסי י,גרמים,125.00,100 גרם,false,,15.50,12.4000,true,1,73421
7290000319841,false,פסטרמה מהמעשנה יחיעם,,,פסטרמה מהמעשנה יחיעם,קילוגרמים,1.00,"ק""ג",true,,89.00,89.0000,true,1,140097
7290000334684,false,טבעות בצל תפוגן 700ג,קריות זול,,טבעות בצל תפוגן 700ג,גרמים,700.00,100 גרם,false,,19.50,2.7857,true,1,23830
7290000334745,false,"ציפס אמריקאן 1.5ק""ג",,,"ציפס אמריקאן 1.5ק""ג",גרמים,1500.00,100 גרם,false,,26.90,1.7933,true,1,73355
7290000336282,false,סיידר תפוח צלול בקבו,,,סיידר תפוח צלול בקבו,מיליליטרים,330.00,"100 מ""ל",false,,8.90,2.6970,true,1,34989
7290000339191,false,אבקת הלבנה רן 350גר,קריות זול,,אבקת הלבנה רן 350גר,גרמים,350.00,100 גרם,false,,22.90,6.5429,true,1,26533
7290000339566,false,בדין ורוד מרכך כביסה,קריות זול,,בדין ורוד מרכך כביסה,ליטרים,4.00,ליטר,false,,22.90,5.7250,true,1,26534
7290000341071,false,בדין בייבי מרכך כביס,קריות זול,,בדין בייבי מרכך כביס,ליטרים,2.00,ליטר,false,,18.90,9.4500,true,1,26539
7290000342832,false,בדין צהוב מרכך כביסה,קריות זול,,בדין צהוב מרכך כביסה,ליטרים,4.00,ליטר,false,,22.90,5.7250,true,1,26541
7290000342856,false,בדין כחול מרכך כביסה,קריות זול,,בדין כחול מרכך כביסה,ליטרים,4.00,ליטר,false,,22.90,5.7250,true,1,26542
7290000345048,false,תה 74 ויסוצקי 125גר,,,תה 74 ויסוצקי 125גר,גרמים,125.00,100 גרם,false,,14.50,11.6000,true,1,31068
7290000345055,false,תה ארל גריי עלים ויס,,,תה ארל גריי עלים ויס,גרמים,100.00,100 גרם,false,,15.90,15.9000,true,1,31069
7290000345116,false,תה ירוק ויסוצקי 125ג,קריות זול,,תה ירוק ויסוצקי 125ג,גרמים,125.00,100 גרם,false,,15.90,12.7200,true,1,31071
7290000345215,false,תה ויסוצקי קלאסיק כח,קריות זול,,תה ויסוצקי קלאסיק כח,גרמים,100.00,100 גרם,false,,18.90,18.9000,true,1,31074
7290000345260,false,תה ויסוצקי קלאסיק 25,קריות זול,,תה ויסוצקי קלאסיק 25,יח',25.00,יח',false,,7.90,0.3160,true,1,31075
7290000345284,false,תה ויסוצקי קלאסיק יר,קריות זול,,תה ויסוצקי קלאסיק יר,גרמים,150.00,100 גרם,false,,18.90,12.6000,true,1,31077
7290000345291,false,תה ארל גריי ויסוצקי,קריות זול,,תה ארל גריי ויסוצקי,יח',25.00,יח',false,,16.90,0.6760,true,1,31078
7290000345307,false,תה ארל גריי ויסוצקי,קריות זול,,תה ארל גריי ויסוצקי,גרמים,75.00,100 גרם,false,,29.90,39.8667,true,1,31079
7290000345536,false,תה נענע 25יח,קריות זול,,תה נענע 25יח,גרמים,37.50,100 גרם,false,,19.90,53.0667,true,1,31082
7290000346021,false,תה קמומיל ויסוצקי 50,קריות זול,,תה קמומיל ויסוצקי 50,יח',50.00,יח',false,,37.90,0.7580,true,1,31089
7290000346120,false,תה קסם הקנמון 25יח,קריות זול,,תה קסם הקנמון 25יח,גרמים,62.50,100 גרם,false,,19.90,31.8400,true,1,31999
7290000346137,false,תה הילולי פירות 25יח,קריות זול,,תה הילולי פירות 25יח,גרמים,62.50,100 גרם,false,,19.90,31.8400,true,1,32000
7290000346199,false,תה פירות יער גן הקסו,קריות זול,,תה פירות יער גן הקסו,גרמים,67.50,100 גרם,false,,19.90,29.4815,true,1,32003
7290000346205,false,תה קמומיל גן הקסום 2,קריות זול,,תה קמומיל גן הקסום 2,גרמים,37.50,100 גרם,false,,19.90,53.0667,true,1,32004
7290000346960,false,תה נענע ויסוצקי 50יח,קריות זול,,תה נענע ויסוצקי 50יח,גרמים,75.00,100 גרם,false,,34.90,46.5333,true,1,31090
7290000347738,false,תה ירוק נענע 25יח,קריות זול,,תה ירוק נענע 25יח,גרמים,37.50,100 גרם,false,,26.90,71.7333,true,1,31093
7290000347752,false,תה ירוק לימונית ולוא,קריות זול,,תה ירוק לימונית ולוא,גרמים,37.50,100 גרם,false,,26.90,71.7333,true,1,31095
7290000355382,false,עגבניות מרוסקות עם ב,קריות זול,,עגבניות מרוסקות עם ב,גרמים,800.00,100 גרם,false,,9.90,1.2375,true,1,22033
7290000355405,false,עגבניות מרוסקות בצל,קריות זול,,עגבניות מרוסקות בצל,גרמים,800.00,100 גרם,false,,9.90,1.2375,true,1,22034
7290000355757,false,עגבניות מרוסקות 800ג,קריות זול,,עגבניות מרוסקות 800ג,גרמים,800.00,100 גרם,false,,9.90,1.2375,true,1,22039
7290000363462,false,נקניק סלמי מעושן איט,,,נקניק סלמי מעושן איט,קילוגרמים,1.00,"ק""ג",true,,89.00,89.0000,true,1,99581
7290000363486,false,נקניק תה טירת צבי,,,נקניק תה טירת צבי,קילוגרמים,1.00,"ק""ג",true,,54.00,54.0000,true,1,99582
7290000364261,false,סלסולי פסטרמה כתף בק,,,סלסולי פסטרמה כתף בק,גרמים,120.00,100 גרם,false,,15.90,13.2500,true,1,89591
7290000364278,false,סלסולי סלמי איטלקי מ,,,סלסולי סלמי איטלקי מ,גרמים,120.00,100 גרם,false,,15.90,13.2500,true,1,89592
7290000364285,false,סלסולי פסטרמה הודו א,,,סלסולי פסטרמה הודו א,גרמים,120.00,100 גרם,false,,15.90,13.2500,true,1,89593
7290000364292,false,סלסולי פסטרמה הודו ג,,,סלסולי פסטרמה הודו ג,גרמים,120.00,100 גרם,false,,15.90,13.2500,true,1,89594
7290000364858,false,נקניקיות עוף טירת צב,,,נקניקיות עוף טירת צב,גרמים,1000.00,100 גרם,false,,26.90,2.6900,true,1,86119
7290000364872,false,נקניקיות עוף טירת צב,,,נקניקיות עוף טירת צב,גרמים,400.00,100 גרם,false,,14.90,3.7250,true,1,89607
7290000365954,false,פסטרמה הודו גחלים טי,,,פסטרמה הודו גחלים טי,קילוגרמים,1.00,"ק""ג",true,,89.00,89.0000,true,1,99593
7290000367590,false,פסטרמה צמד סלמי 400ג,,,פסטרמה צמד סלמי 400ג,גרמים,800.00,100 גרם,false,,31.90,3.9875,true,1,89608
7290000369037,false,סלט קוביות בולגרית 2,,,סלט קוביות בולגרית 2,גרמים,200.00,100 גרם,false,,15.90,7.9500,true,1,107840
7290000369365,false,מעדן בולגרית עם תוספ,,,מעדן בולגרית עם תוספ,גרמים,200.00,100 גרם,false,,13.90,6.9500,true,1,106055
7290000369617,false,כדורי רחוב 150 גרם,,,כדורי רחוב 150 גרם,גרמים,150.00,100 גרם,false,,18.90,12.6000,true,1,106056
7290000369709,false,ממרח חמאה 100 גרם,קריות זול,,ממרח חמאה 100 גרם,גרמים,100.00,100 גרם,false,,13.90,13.9000,true,1,106057
7290000372204,false,דג ברמונדי בינוני נק,,,דג ברמונדי בינוני נק,קילוגרמים,1.00,"ק""ג",true,,49.90,49.9000,true,1,100736
7290000408316,false,דנונה טבעי 3% 200גר,קריות זול,,דנונה טבעי 3% 200גר,גרמים,200.00,100 גרם,false,,3.80,1.9000,true,1,30574
7290000408354,false,דנונה בר פיצפוצים 17,,,דנונה בר פיצפוצים 17,גרמים,173.00,100 גרם,false,,4.80,2.7746,true,1,30575
7290000412481,false,מנקה אסלות 00 סנו 1ל,קריות זול,,מנקה אסלות 00 סנו 1ל,מיליליטרים,1000.00,"100 מ""ל",false,,8.90,0.8900,true,1,25761
7290000416021,false,ממרח השחר 500גר,קריות זול,,ממרח השחר 500גר,גרמים,500.00,100 גרם,false,,13.90,2.7800,true,1,26045
7290000416045,false,"ממרח השחר חדש 1 ק""ג",,,"ממרח השחר חדש 1 ק""ג",גרמים,1000.00,100 גרם,false,,24.90,2.4900,true,1,35012
7290000416618,false,"ממרח השחר בד""צ 400גר",,,"ממרח השחר בד""צ 400גר",גרמים,400.00,100 גרם,false,,12.90,3.2250,true,1,26047
7290000416632,false,ממרח השחר פרווה 1קג,,,ממרח השחר פרווה 1קג,גרמים,1000.00,100 גרם,false,,24.90,2.4900,true,1,38820
7290000419220,false,לנדוור קפה כחול מארז,,,לנדוור קפה כחול מארז,גרמים,300.00,100 גרם,false,,18.90,6.3000,true,1,19705
7290000419374,false,לנדוור קפה טחון טורק,,,לנדוור קפה טחון טורק,גרמים,300.00,100 גרם,false,,18.90,6.3000,true,1,91654
7290000420325,false,פופסטאר בטעם טבעי 5י,קריות זול,,פופסטאר בטעם טבעי 5י,גרמים,500.00,100 גרם,false,,14.90,2.9800,true,1,25332
7290000420332,false,פופסטאר בטעם חמאה 5י,קריות זול,,פופסטאר בטעם חמאה 5י,גרמים,500.00,100 גרם,false,,14.90,2.9800,true,1,25333
7290000453125,false,שמרית + משפר אפיה 10,קריות זול,,שמרית + משפר אפיה 10,גרמים,100.00,100 גרם,false,,8.90,8.9000,true,1,30578
7290000453408,false,בצק פיצה דק שמרית מצ,,,בצק פיצה דק שמרית מצ,גרמים,415.00,100 גרם,false,,18.90,4.5542,true,1,106845
7290000453415,false,בצק עלים שמרית מצונן,,,בצק עלים שמרית מצונן,גרמים,300.00,100 גרם,false,,17.50,5.8333,true,1,106846
7290000453422,false,בצק פילו שמרית מצונן,,,בצק פילו שמרית מצונן,גרמים,300.00,100 גרם,false,,17.50,5.8333,true,1,106847
7290000453781,false,שמרים יבשים שמרית 12,,,שמרים יבשים שמרית 12,גרמים,125.00,100 גרם,false,,6.50,5.2000,true,1,98427
7290000453798,false,שמרים יבשים אקטיביים,,,שמרים יבשים אקטיביים,גרמים,500.00,100 גרם,false,,14.90,2.9800,true,1,76981
7290000453866,false,שמרית תחליף מרגרינה,,,שמרית תחליף מרגרינה,גרמים,200.00,100 גרם,false,,8.90,4.4500,true,1,94867
7290000453880,false,מרגרינה ללא מלח לאפי,,,מרגרינה ללא מלח לאפי,גרמים,200.00,100 גרם,false,,6.70,3.3500,true,1,76149
7290000453897,false,מרגרינה בטעם חמאה 20,,,מרגרינה בטעם חמאה 20,גרמים,200.00,100 גרם,false,,6.70,3.3500,true,1,76150
7290000461656,false,בייגלה מקלות 400גר,קריות זול,,בייגלה מקלות 400גר,גרמים,400.00,100 גרם,false,,10.90,2.7250,true,1,26553
7290000461700,false,ביגלה גדול גדול 400ג,קריות זול,,ביגלה גדול גדול 400ג,גרמים,400.00,100 גרם,false,,14.50,3.6250,true,1,26554
7290000461724,false,ביגלה גדול גדול שומש,קריות זול,,ביגלה גדול גדול שומש,גרמים,400.00,100 גרם,false,,14.50,3.6250,true,1,26555
7290000462103,false,סחוג אדום חריף עדין,קריות זול,,סחוג אדום חריף עדין,גרמים,150.00,100 גרם,false,,11.90,7.9333,true,1,30579
7290000462141,false,סחוג אדום חריף מאוד,,,סחוג אדום חריף מאוד,גרמים,150.00,100 גרם,false,,11.90,7.9333,true,1,46769
7290000462172,false,סחוג ירוק חריף מאוד,קריות זול,,סחוג ירוק חריף מאוד,גרמים,150.00,100 גרם,false,,11.90,7.9333,true,1,30580
7290000467320,false,חומוס אבו מרוואן צבר,,,חומוס אבו מרוואן צבר,גרמים,400.00,100 גרם,false,,14.90,3.7250,true,1,70687
7290000474090,false,חלב בקרטון טרה 1% 1ל,קריות זול,,חלב בקרטון טרה 1% 1ל,מיליליטרים,1000.00,"100 מ""ל",false,,5.86,0.5860,true,1,33304
7290000474373,false,שמנת חמוצה 15% 200מל,קריות זול,,שמנת חמוצה 15% 200מל,מיליליטרים,200.00,"100 מ""ל",false,,2.40,1.2000,true,1,33313
7290000474540,false,גבינת 3% טוב טעם 250,קריות זול,,גבינת 3% טוב טעם 250,גרמים,250.00,100 גרם,false,,11.50,4.6000,true,1,33318
7290000480107,false,קוואקר מהיר אטוס פחי,קריות זול,,קוואקר מהיר אטוס פחי,גרמים,500.00,100 גרם,false,,15.90,3.1800,true,1,22413
7290000480442,false,קואקר שבולת שועל שקי,קריות זול,,קואקר שבולת שועל שקי,גרמים,500.00,100 גרם,false,,14.90,2.9800,true,1,22415
7290000481029,false,פיתות בטעם ביתי 10 י,,,פיתות בטעם ביתי 10 י,גרמים,1000.00,100 גרם,false,,11.90,1.1900,true,1,129106
7290000481043,false,פיתות כוסמין מארז 10,,,פיתות כוסמין מארז 10,גרמים,700.00,100 גרם,false,,15.90,2.2714,true,1,135608
7290000481074,false,*מבצע* לחם טריו דגני,,,*מבצע* לחם טריו דגני,גרמים,750.00,100 גרם,false,,14.90,1.9867,true,1,139862
7290000481487,false,חלה רגילה 500גר,,,חלה רגילה 500גר,גרמים,500.00,100 גרם,false,,5.17,1.0340,true,1,47081
7290000482033,false,קוקי שקיות ענק בתנור,קריות זול,,קוקי שקיות ענק בתנור,יח',5.00,יח',false,,10.90,2.1800,true,1,28339
7290000484747,false,הארק עלית 40% 700מל,,,הארק עלית 40% 700מל,מיליליטרים,700.00,"100 מ""ל",false,,58.90,8.4143,true,1,77159
7290000490625,false,מאגדת שלגונים ציפוי,,,מאגדת שלגונים ציפוי,יח',8.00,יח',false,,23.90,2.9875,true,1,134900
7290000493176,false,אבקת רוטב צלי אסם 22,קריות זול,,אבקת רוטב צלי אסם 22,גרמים,22.00,100 גרם,false,,4.90,22.2727,true,1,23902
7290000493183,false,אבקת רוטב פטריות אסם,קריות זול,,אבקת רוטב פטריות אסם,גרמים,30.00,100 גרם,false,,4.90,16.3333,true,1,23903
7290000497044,false,לחם אקטיב ברמן 750גר,,,לחם אקטיב ברמן 750גר,גרמים,750.00,100 גרם,false,,16.90,2.2533,true,1,135651
7290000497112,false,לחם אחיד פרוס ברמן,,,לחם אחיד פרוס ברמן,גרמים,750.00,100 גרם,false,,7.10,0.9467,true,1,135652
7290000497228,false,לחמניות בשקית 6יח,,,לחמניות בשקית 6יח,גרמים,450.00,100 גרם,false,,10.90,2.4222,true,1,135656
7290000497273,false,לחמניות אקטיב 6 יח',,,לחמניות אקטיב 6 יח',גרמים,450.00,100 גרם,false,,13.90,3.0889,true,1,135657
7290000497303,false,לחמניה מקמח מלא 6יח,,,לחמניה מקמח מלא 6יח,גרמים,540.00,100 גרם,false,,10.90,2.0185,true,1,135658
7290000497358,false,חלומית חלה מתוקה ארו,,,חלומית חלה מתוקה ארו,גרמים,500.00,100 גרם,false,,14.90,2.9800,true,1,135659
7290000497426,false,לחם ברמן לענין פלוס,,,לחם ברמן לענין פלוס,גרמים,500.00,100 גרם,false,,16.90,3.3800,true,1,135660
7290000497532,false,לחם ברמן לעניין 750ג,,,לחם ברמן לעניין 750ג,גרמים,750.00,100 גרם,false,,15.50,2.0667,true,1,135663
7290000497570,false,לחם דגנים פלוס ברמן,,,לחם דגנים פלוס ברמן,גרמים,500.00,100 גרם,false,,16.90,3.3800,true,1,135664
7290000498034,false,לחם מקמח כוסמין מלא,,,לחם מקמח כוסמין מלא,גרמים,750.00,100 גרם,false,,16.90,2.2533,true,1,135668
7290000498423,false,חלה מתוקה ברמן,,,חלה מתוקה ברמן,גרמים,500.00,100 גרם,false,,8.90,1.7800,true,1,135673
7290000504025,false,סוכרזית פטריה 300 טב,קריות זול,,סוכרזית פטריה 300 טב,יח',300.00,יח',false,,10.90,0.0363,true,1,27207
7290000504209,false,סוכרזית קלאסי נוזלי,קריות זול,,סוכרזית קלאסי נוזלי,מיליליטרים,220.00,"100 מ""ל",false,,22.90,10.4091,true,1,27209
7290000504278,false,סוכרזית פטנט 700טבלי,קריות זול,,סוכרזית פטנט 700טבלי,יח',700.00,יח',false,,19.90,0.0284,true,1,27212
7290000518152,false,מתוק וקל זהב 50 שקיו,קריות זול,,מתוק וקל זהב 50 שקיו,גרמים,50.00,100 גרם,false,,7.90,15.8000,true,1,32634
7290000518169,false,מתוק וקל 1000 טבליות,קריות זול,,מתוק וקל 1000 טבליות,יח',1000.00,יח',false,,9.90,0.0099,true,1,32635
7290000518176,false,*מבצע* מתוק וקל ענק,קריות זול,,*מבצע* מתוק וקל ענק,גרמים,250.00,100 גרם,false,,18.90,7.5600,true,1,32636
7290000518220,false,סוכרה דיאט 100 שקיות,,,סוכרה דיאט 100 שקיות,יחידה,0.00,יחידה,false,,29.90,0.0000,true,1,93608
7290000521008,false,יין סגל אדום יבש 750,,,יין סגל אדום יבש 750,מיליליטרים,750.00,"100 מ""ל",false,,24.90,3.3200,true,1,20444
7290000521015,false,יין סגל לבן יבש 750מ,,,יין סגל לבן יבש 750מ,מיליליטרים,750.00,"100 מ""ל",false,,24.90,3.3200,true,1,20445
7290000523125,false,מלח הארץ ים יבש 250,קריות זול,,מלח הארץ ים יבש 250,גרמים,250.00,100 גרם,false,,6.90,2.7600,true,1,22591
7290000523224,false,מלח הארץ ים יבש 500,קריות זול,,מלח הארץ ים יבש 500,גרמים,500.00,100 גרם,false,,9.90,1.9800,true,1,22592
7290000523521,false,מלח הארץ מעושר ביוד,,,מלח הארץ מעושר ביוד,גרמים,250.00,100 גרם,false,,7.70,3.0800,true,1,46448
7290000523804,false,מלח הארץ עדין צנצנת,,,מלח הארץ עדין צנצנת,גרמים,1000.00,100 גרם,false,,8.90,0.8900,true,1,56061
7290000523811,false,מלח הארץ גס צנצנת 1ק,,,מלח הארץ גס צנצנת 1ק,גרמים,1000.00,100 גרם,false,,8.90,0.8900,true,1,56062
7290000525969,false,פרימור תפוזים 1ליטר,קריות זול,,פרימור תפוזים 1ליטר,מיליליטרים,1000.00,"100 מ""ל",false,,16.90,1.6900,true,1,30584
7290000530024,false,תה מעושן זוגלובק,,,תה מעושן זוגלובק,קילוגרמים,1.00,"ק""ג",true,,54.00,54.0000,true,1,29765
7290000530031,false,סלמי פיין צר זוגלובק,,,סלמי פיין צר זוגלובק,קילוגרמים,1.00,"ק""ג",true,,59.00,59.0000,true,1,29766
7290000530048,false,סלמי פפרוני זוגלובק,,,סלמי פפרוני זוגלובק,קילוגרמים,1.00,"ק""ג",true,,59.00,59.0000,true,1,29767
7290000530062,false,נקניק מעושן איטלקי ז,,,נקניק מעושן איטלקי ז,קילוגרמים,1.00,"ק""ג",true,,89.00,89.0000,true,1,29768
7290000530086,false,*מבצע* נקניק סלמי מע,קריות זול,,*מבצע* נקניק סלמי מע,גרמים,600.00,100 גרם,false,,28.90,4.8167,true,1,29800
7290000530109,false,קבנוס זוגלובק זוג 18,,,קבנוס זוגלובק זוג 18,גרמים,180.00,100 גרם,false,,34.90,19.3889,true,1,41267
7290000530116,false,*מבצע* נקניק בשן זוג,קריות זול,,*מבצע* נקניק בשן זוג,גרמים,470.00,100 גרם,false,,18.90,4.0213,true,1,29801
7290000530178,false,נקניק קוניאק זוגלובק,,,נקניק קוניאק זוגלובק,קילוגרמים,1.00,"ק""ג",true,,89.00,89.0000,true,1,29770
7290000530260,false,מורטודלה זוגלובק,,,מורטודלה זוגלובק,קילוגרמים,1.00,"ק""ג",true,,47.00,47.0000,true,1,40156
7290000530291,false,נקניק מבשר הודו קטן,קריות זול,,נקניק מבשר הודו קטן,גרמים,750.00,100 גרם,false,,19.90,2.6533,true,1,29804
7290000530369,false,פסטרמה גולן הודו מעו,,,פסטרמה גולן הודו מעו,קילוגרמים,1.00,"ק""ג",true,,89.00,89.0000,true,1,29773
7290000530413,false,המבורגר זהב זוגלובק,קריות זול,,המבורגר זהב זוגלובק,גרמים,400.00,100 גרם,false,,24.90,6.2250,true,1,29805
7290000530444,false,כתף בקר מעושן זוגלוב,,,כתף בקר מעושן זוגלוב,קילוגרמים,1.00,"ק""ג",true,,119.00,119.0000,true,1,29775
7290000530604,false,נקניקיות חריפות זוגל,קריות זול,,נקניקיות חריפות זוגל,גרמים,400.00,100 גרם,false,,15.90,3.9750,true,1,29812
7290000530703,false,נקניק תה 400גר + חרמ,,,נקניק תה 400גר + חרמ,גרמים,800.00,100 גרם,false,,33.90,4.2375,true,1,50896
7290000531410,false,פסטרממיה בדבש טהור,,,פסטרממיה בדבש טהור,קילוגרמים,1.00,"ק""ג",true,,89.00,89.0000,true,1,29779
7290000531601,false,סטייק בורגר זוגלובק,קריות זול,,סטייק בורגר זוגלובק,גרמים,400.00,100 גרם,false,,24.90,6.2250,true,1,29826
7290000532400,false,פסטרמה ברביקיו זוגלו,,,פסטרמה ברביקיו זוגלו,קילוגרמים,1.00,"ק""ג",true,,89.00,89.0000,true,1,29780
7290000532585,false,רוסטביף זוגלובק,,,רוסטביף זוגלובק,קילוגרמים,1.00,"ק""ג",true,,119.00,119.0000,true,1,52292
7290000534718,false,פסטרמה חזה תבור זוגל,,,פסטרמה חזה תבור זוגל,קילוגרמים,1.00,"ק""ג",true,,89.00,89.0000,true,1,29784
7290000536743,false,קריספי סטיקס תירס זו,,,קריספי סטיקס תירס זו,גרמים,500.00,100 גרם,false,,21.90,4.3800,true,1,71940
7290000537566,false,נקניקיות עוף זוגלובק,קריות זול,,נקניקיות עוף זוגלובק,גרמים,400.00,100 גרם,false,,14.90,3.7250,true,1,29896
7290000538099,false,פסטרמה כפרית במשקל ז,,,פסטרמה כפרית במשקל ז,קילוגרמים,1.00,"ק""ג",true,,89.00,89.0000,true,1,29789
7290000554402,false,מלבי 160גר מחלבות גד,קריות זול,,מלבי 160גר מחלבות גד,גרמים,160.00,100 גרם,false,,6.00,3.7500,true,1,19880
7290000554457,false,צפתית 5% 350גר מחלבו,קריות זול,,צפתית 5% 350גר מחלבו,גרמים,350.00,100 גרם,false,,23.90,6.8286,true,1,19881
7290000554532,false,צפתית מעודנת במלח ים,,,צפתית מעודנת במלח ים,גרמים,200.00,100 גרם,false,,15.50,7.7500,true,1,46346
7290000554600,false,מוצרלה 22% מגורדת 30,קריות זול,,מוצרלה 22% מגורדת 30,גרמים,300.00,100 גרם,false,,28.90,9.6333,true,1,19884
7290000554624,false,ירח מתוק 150גר מחלבו,קריות זול,,ירח מתוק 150גר מחלבו,גרמים,150.00,100 גרם,false,,6.00,4.0000,true,1,19885
7290000554686,false,לאבנה בשמן זית וזעתר,קריות זול,,לאבנה בשמן זית וזעתר,גרמים,250.00,100 גרם,false,,15.50,6.2000,true,1,19887
7290000554822,false,*מבצע* ריקוטה טבעי 5,קריות זול,,*מבצע* ריקוטה טבעי 5,גרמים,250.00,100 גרם,false,,11.90,4.7600,true,1,19891
7290000554839,false,גבינה מסקרפונה 40% 2,קריות זול,,גבינה מסקרפונה 40% 2,גרמים,250.00,100 גרם,false,,23.90,9.5600,true,1,19892
7290000560533,false,אדג גל גילוח ירוק עם,קריות זול,,אדג גל גילוח ירוק עם,מיליליטרים,200.00,"100 מ""ל",false,,18.90,9.4500,true,1,25343
7290000560540,false,אדג גל גילוח כתום לע,קריות זול,,אדג גל גילוח כתום לע,מיליליטרים,200.00,"100 מ""ל",false,,18.90,9.4500,true,1,25344
7290000571386,false,יוגורמה מחלב כבשים 8,קריות זול,,יוגורמה מחלב כבשים 8,גרמים,850.00,100 גרם,false,,28.50,3.3529,true,1,29334
7290000572208,false,חלבה אחווה 100גר,,,חלבה אחווה 100גר,גרמים,100.00,100 גרם,false,,3.90,3.9000,true,1,22048
7290000572222,false,חלבה בבלוק אחווה 500,,,חלבה בבלוק אחווה 500,גרמים,500.00,100 גרם,false,,12.90,2.5800,true,1,22050
7290000572529,false,חלבה פיסטוק אחווה 40,,,חלבה פיסטוק אחווה 40,גרמים,400.00,100 גרם,false,,14.90,3.7250,true,1,22051
7290000572536,false,חלבה וניל אחווה 400,,,חלבה וניל אחווה 400,גרמים,400.00,100 גרם,false,,13.90,3.4750,true,1,35101
7290000572628,false,חטיף חלבה ללא סוכר 1,,,חטיף חלבה ללא סוכר 1,גרמים,275.00,100 גרם,false,,14.90,5.4182,true,1,22053
7290000572673,false,חטיף חלבה אחווה 12*2,,,חטיף חלבה אחווה 12*2,גרמים,300.00,100 גרם,false,,14.90,4.9667,true,1,22055
7290000574011,false,מארז 8 לחמניות חיטה,,,מארז 8 לחמניות חיטה,יח',8.00,יח',false,,11.90,1.4875,true,1,135617
7290000574028,false,לחם שחור מועשר פלוס,,,לחם שחור מועשר פלוס,גרמים,750.00,100 גרם,false,,8.90,1.1867,true,1,135618
7290000574035,false,לחם אחיד פרוס 750גרם,,,לחם אחיד פרוס 750גרם,גרמים,750.00,100 גרם,false,,7.10,0.9467,true,1,135619
7290000574066,false,לחם חיטה מלאה עם שיפ,,,לחם חיטה מלאה עם שיפ,גרמים,750.00,100 גרם,false,,15.90,2.1200,true,1,135622
7290000574097,false,מארז לחמניות מיוחדות,,,מארז לחמניות מיוחדות,יח',8.00,יח',false,,11.90,1.4875,true,1,135624
7290000574141,false,לחם חיטה מלאה 750גר,,,לחם חיטה מלאה 750גר,גרמים,750.00,100 גרם,false,,14.90,1.9867,true,1,135626
7290000574158,false,מארז 8 לחמניות לוסי,,,מארז 8 לחמניות לוסי,יח',8.00,יח',false,,11.90,1.4875,true,1,135627
7290000574165,false,חלה פרוסה מעודנת 500,,,חלה פרוסה מעודנת 500,גרמים,500.00,100 גרם,false,,9.90,1.9800,true,1,135628
7290000574172,false,לחם קל חיטה מלאה 750,,,לחם קל חיטה מלאה 750,גרמים,750.00,100 גרם,false,,16.90,2.2533,true,1,135629
7290000574189,false,מארז 6 לחמניות קלועו,,,מארז 6 לחמניות קלועו,יח',6.00,יח',false,,11.90,1.9833,true,1,135630
7290000574226,false,לחמניות אצבע דגנית מ,,,לחמניות אצבע דגנית מ,יחידה,0.00,יחידה,false,,11.90,0.0000,true,1,135631
7290000574257,false,*מבצע* לחם שחור פרוס,,,*מבצע* לחם שחור פרוס,גרמים,750.00,100 גרם,false,,13.90,1.8533,true,1,135632
7290000574301,false,לחמניות 10יח חיטה מל,,,לחמניות 10יח חיטה מל,יחידה,0.00,יחידה,false,,11.90,0.0000,true,1,135633
7290000574370,false,לחם שיפון אמיתי קל 5,,,לחם שיפון אמיתי קל 5,גרמים,500.00,100 גרם,false,,16.90,3.3800,true,1,135635
7290000574455,false,לחם חיטה מלאה כוסמין,,,לחם חיטה מלאה כוסמין,גרמים,750.00,100 גרם,false,,16.90,2.2533,true,1,135638
7290000574509,false,לחמניות חצויות 6יח 4,,,לחמניות חצויות 6יח 4,גרמים,450.00,100 גרם,false,,9.90,2.2000,true,1,135639
7290000599564,false,צמר פלדה 5יח,,,צמר פלדה 5יח,גרמים,200.00,100 גרם,false,,3.90,1.9500,true,1,55321
7290000599571,false,צמר פלדה 200גר,,,צמר פלדה 200גר,גרמים,200.00,100 גרם,false,,6.90,3.4500,true,1,55322
7290000599977,false,כרית יפנית 9יח,,,כרית יפנית 9יח,יחידה,0.00,יחידה,false,,10.90,0.0000,true,1,41849
7290000611136,false,כבד עוף קפוא,,,כבד עוף קפוא,קילוגרמים,1.00,"ק""ג",true,,9.90,9.9000,true,1,27014
7290000611181,false,כנפיים עוף טרי,,,כנפיים עוף טרי,קילוגרמים,1.00,"ק""ג",true,,12.90,12.9000,true,1,27009
7290000611228,false,פילה עוף טרי ארוז,,,פילה עוף טרי ארוז,קילוגרמים,1.00,"ק""ג",true,,39.90,39.9000,true,1,106482
7290000611280,false,עוף שלם טרי ארוז,,,עוף שלם טרי ארוז,קילוגרמים,1.00,"ק""ג",true,,20.90,20.9000,true,1,106483
7290000611761,false,כרעיים עוף קפוא,,,כרעיים עוף קפוא,קילוגרמים,1.00,"ק""ג",true,,27.90,27.9000,true,1,72406
7290000611839,false,שוקיים עוף טרי ארוז,,,שוקיים עוף טרי ארוז,קילוגרמים,1.00,"ק""ג",true,,37.90,37.9000,true,1,106484
7290000611846,false,כרעיים עוף טרי ארוז,,,כרעיים עוף טרי ארוז,קילוגרמים,1.00,"ק""ג",true,,29.90,29.9000,true,1,104957
7290000611853,false,כנפיים עוף טרי ארוז,,,כנפיים עוף טרי ארוז,קילוגרמים,1.00,"ק""ג",true,,12.90,12.9000,true,1,106485
7290000611860,false,חזה עוף טרי ארוז,,,חזה עוף טרי ארוז,קילוגרמים,1.00,"ק""ג",true,,39.90,39.9000,true,1,106486
7290000611877,false,ירכיים עוף טרי ארוז,,,ירכיים עוף טרי ארוז,קילוגרמים,1.00,"ק""ג",true,,29.90,29.9000,true,1,106487
7290000611884,false,כבד עוף טרי ארוז לצל,,,כבד עוף טרי ארוז לצל,קילוגרמים,1.00,"ק""ג",true,,24.90,24.9000,true,1,106488
7290000611891,false,לב עוף טרי ארוז,,,לב עוף טרי ארוז,קילוגרמים,1.00,"ק""ג",true,,34.90,34.9000,true,1,70404
7290000611945,false,קורקבן עוף טרי ארוז,,,קורקבן עוף טרי ארוז,קילוגרמים,1.00,"ק""ג",true,,10.90,10.9000,true,1,106490
7290000611983,false,שניצל עוף טרי ארוז,,,שניצל עוף טרי ארוז,קילוגרמים,1.00,"ק""ג",true,,44.90,44.9000,true,1,106491
7290000612867,false,שווארמה הודו טרי ארו,,,שווארמה הודו טרי ארו,קילוגרמים,1.00,"ק""ג",true,,74.90,74.9000,true,1,106492
7290000612874,false,שישליק הודו טרי ארוז,,,שישליק הודו טרי ארוז,קילוגרמים,1.00,"ק""ג",true,,49.90,49.9000,true,1,106493
7290000612904,false,חזה הודו טרי ארוז,,,חזה הודו טרי ארוז,קילוגרמים,1.00,"ק""ג",true,,35.90,35.9000,true,1,106495
7290000612911,false,בשר אדום הודו טרי אר,,,בשר אדום הודו טרי אר,קילוגרמים,1.00,"ק""ג",true,,57.90,57.9000,true,1,106496
7290000612928,false,כנפיים הודו טרי ארוז,,,כנפיים הודו טרי ארוז,קילוגרמים,1.00,"ק""ג",true,,17.90,17.9000,true,1,106504
7290000612966,false,גרון הודו טרי ארוז,,,גרון הודו טרי ארוז,קילוגרמים,1.00,"ק""ג",true,,31.90,31.9000,true,1,106500
7290000644783,false,מנות סלמון קפוא תנוב,,,מנות סלמון קפוא תנוב,קילוגרמים,1.00,"ק""ג",true,,89.90,89.9000,true,1,74973
7290000646299,false,פילה נסיכת הנילוס קפ,,,פילה נסיכת הנילוס קפ,קילוגרמים,1.00,"ק""ג",true,,59.90,59.9000,true,1,113224
7290000658926,false,פילה מרלוזה קפוא 100,,,פילה מרלוזה קפוא 100,קילוגרמים,1.00,"ק""ג",true,,34.90,34.9000,true,1,113228
7290000659312,false,פילה סלמון פרמיום קפ,,,פילה סלמון פרמיום קפ,קילוגרמים,1.00,"ק""ג",true,,79.90,79.9000,true,1,74971
7290000679631,false,קמיל בלו אל סבון קלא,,,קמיל בלו אל סבון קלא,מיליליטרים,500.00,"100 מ""ל",false,,13.90,2.7800,true,1,52049
7290000688084,false,"מי עדן ספורט 500מ""ל",קריות זול,,"מי עדן ספורט 500מ""ל",מיליליטרים,500.00,"100 מ""ל",false,,3.00,0.6000,true,1,26106
7290000688374,false,מי עדן בייבי שישיה 6,קריות זול,,מי עדן בייבי שישיה 6,מיליליטרים,1980.00,"100 מ""ל",false,,15.90,0.8030,true,1,35142
7290000688381,false,מי עדן ספורט שישייה,קריות זול,,מי עדן ספורט שישייה,מיליליטרים,3000.00,"100 מ""ל",false,,14.90,0.4967,true,1,22246
7290000688503,false,מי עדן ג'ים שישייה 6,קריות זול,,מי עדן ג'ים שישייה 6,מיליליטרים,4500.00,"100 מ""ל",false,,19.90,0.4422,true,1,26107
7290000692210,false,אגקס לניקוי כללי לבנ,קריות זול,,אגקס לניקוי כללי לבנ,מיליליטרים,2000.00,"100 מ""ל",false,,24.90,1.2450,true,1,28344
7290000692227,false,פלמוליב לכלים קלאסי,קריות זול,,פלמוליב לכלים קלאסי,מיליליטרים,1000.00,"100 מ""ל",false,,14.90,1.4900,true,1,28345
7290000805924,false,לה קט דגים 2.85קג,קריות זול,,לה קט דגים 2.85קג,קילוגרמים,2.85,"ק""ג",false,,79.90,28.0351,true,1,25087
7290000931673,false,סברס,,,סברס,קילוגרמים,1.00,"ק""ג",true,,28.90,28.9000,true,1,90439
7290000931781,false,פטאיה,,,פטאיה,קילוגרמים,1.00,"ק""ג",true,,24.90,24.9000,true,1,134313
7290000979427,false,שרי כתום ארוז בלב,,,שרי כתום ארוז בלב,גרמים,460.00,100 גרם,false,,9.90,2.1522,true,1,140110
7290000991512,false,אגס נאשי,,,אגס נאשי,קילוגרמים,1.00,"ק""ג",true,,15.90,15.9000,true,1,90504
7290000992381,false,אפרסמון,,,אפרסמון,קילוגרמים,1.00,"ק""ג",true,,19.90,19.9000,true,1,90360
7290000992426,false,אנונה,,,אנונה,קילוגרמים,1.00,"ק""ג",true,,25.90,25.9000,true,1,90447
7290000999350,false,תפוז ארוז ברשת,,,תפוז ארוז ברשת,קילוגרמים,1.00,"ק""ג",true,,4.90,4.9000,true,1,90362
7290000999361,false,"תפו""ע פינק גולד",,,"תפו""ע פינק גולד",קילוגרמים,1.00,"ק""ג",true,,16.90,16.9000,true,1,90363
7290000999390,false,חציל בלאדי,,,חציל בלאדי,קילוגרמים,1.00,"ק""ג",true,,9.90,9.9000,true,1,90452
7290000999626,false,ברוקולי ארוז,,,ברוקולי ארוז,גרמים,1000.00,100 גרם,false,,7.90,0.7900,true,1,90524
7290000999748,false,גינגר תפזורת,,,גינגר תפזורת,קילוגרמים,1.00,"ק""ג",true,,24.90,24.9000,true,1,90512
7290000999752,false,רימון,,,רימון,קילוגרמים,1.00,"ק""ג",true,,8.90,8.9000,true,1,90364
7290000999782,false,עגבניה מגי,,,עגבניה מגי,קילוגרמים,1.00,"ק""ג",true,,16.90,16.9000,true,1,90517
7290000999818,false,אננס,,,אננס,יחידה,0.00,יחידה,false,,39.90,0.0000,true,1,90458
7290000999819,false,קלמנטינה/מנדרינה,,,קלמנטינה/מנדרינה,קילוגרמים,1.00,"ק""ג",true,,7.90,7.9000,true,1,90365
7290000999821,false,קיווי,,,קיווי,קילוגרמים,1.00,"ק""ג",true,,19.90,19.9000,true,1,90459
7290000999823,false,חבושים,,,חבושים,קילוגרמים,1.00,"ק""ג",true,,14.90,14.9000,true,1,90424
7290000999825,false,עגבניה שרי מנומר,,,עגבניה שרי מנומר,קילוגרמים,1.00,"ק""ג",true,,21.90,21.9000,true,1,90737
7290000999826,false,אפרסק,,,אפרסק,קילוגרמים,1.00,"ק""ג",true,,14.90,14.9000,true,1,90460
7290000999832,false,גויבה,,,גויבה,קילוגרמים,1.00,"ק""ג",true,,14.90,14.9000,true,1,90462
7290000999833,false,ברוקולי,,,ברוקולי,גרמים,1000.00,100 גרם,false,,7.90,0.7900,true,1,90366
7290000999834,false,דלורית,,,דלורית,קילוגרמים,1.00,"ק""ג",true,,5.90,5.9000,true,1,90463
7290000999852,false,פטיה,,,פטיה,קילוגרמים,1.00,"ק""ג",true,,10.00,10.0000,true,1,90708
7290000999875,false,שזיף שגיב,,,שזיף שגיב,קילוגרמים,1.00,"ק""ג",true,,15.90,15.9000,true,1,90466
7290000999877,false,"תפו""א לאפיה קטן",,,"תפו""א לאפיה קטן",קילוגרמים,1.00,"ק""ג",true,,3.90,3.9000,true,1,90467
7290000999890,false,פלפל שושקה,,,פלפל שושקה,קילוגרמים,1.00,"ק""ג",true,,15.90,15.9000,true,1,90367
7290000999896,false,ענבים אדום,,,ענבים אדום,קילוגרמים,1.00,"ק""ג",true,,24.90,24.9000,true,1,90368
7290000999899,false,קישואים זוקיני,,,קישואים זוקיני,קילוגרמים,1.00,"ק""ג",true,,14.90,14.9000,true,1,90468
7290000999901,false,עגבניה אשכולות,,,עגבניה אשכולות,קילוגרמים,1.00,"ק""ג",true,,7.90,7.9000,true,1,90369
7290000999902,false,עגבניה שרי,,,עגבניה שרי,קילוגרמים,1.00,"ק""ג",true,,15.90,15.9000,true,1,90370
7290000999903,false,מלפפון,,,מלפפון,קילוגרמים,1.00,"ק""ג",true,,6.90,6.9000,true,1,90371
7290000999904,false,פלפל ירוק,,,פלפל ירוק,קילוגרמים,1.00,"ק""ג",true,,9.90,9.9000,true,1,90469
7290000999905,false,פלפל בהיר,,,פלפל בהיר,קילוגרמים,1.00,"ק""ג",true,,9.90,9.9000,true,1,90470
7290000999906,false,פלפל אדום,,,פלפל אדום,קילוגרמים,1.00,"ק""ג",true,,9.90,9.9000,true,1,90372
7290000999907,false,פלפל צהוב,,,פלפל צהוב,קילוגרמים,1.00,"ק""ג",true,,9.90,9.9000,true,1,90471
7290000999908,false,פלפל חריף,,,פלפל חריף,קילוגרמים,1.00,"ק""ג",true,,11.90,11.9000,true,1,90373
7290000999909,false,כרוב לבן,,,כרוב לבן,קילוגרמים,1.00,"ק""ג",true,,3.90,3.9000,true,1,90374
7290000999910,false,כרוב אדום,,,כרוב אדום,קילוגרמים,1.00,"ק""ג",true,,6.90,6.9000,true,1,90472
7290000999911,false,כרובית,,,כרובית,קילוגרמים,1.00,"ק""ג",true,,9.90,9.9000,true,1,90375
7290000999912,false,קישואים,,,קישואים,קילוגרמים,1.00,"ק""ג",true,,8.90,8.9000,true,1,90376
7290000999913,false,חציל,,,חציל,קילוגרמים,1.00,"ק""ג",true,,6.90,6.9000,true,1,90377
7290000999914,false,גזר ארוז,,,גזר ארוז,קילוגרמים,1.00,"ק""ג",true,,4.90,4.9000,true,1,90378
7290000999916,false,סלק,,,סלק,קילוגרמים,1.00,"ק""ג",true,,5.90,5.9000,true,1,90401
7290000999917,false,בטטה,,,בטטה,קילוגרמים,1.00,"ק""ג",true,,9.90,9.9000,true,1,90380
7290000999918,false,דלעת,,,דלעת,קילוגרמים,1.00,"ק""ג",true,,9.90,9.9000,true,1,90473
7290000999919,false,בצל יבש,,,בצל יבש,קילוגרמים,1.00,"ק""ג",true,,4.90,4.9000,true,1,90474
7290000999920,false,בצל אדום,,,בצל אדום,קילוגרמים,1.00,"ק""ג",true,,6.90,6.9000,true,1,90475
7290000999921,false,חסה ערבית,,,חסה ערבית,גרמים,1000.00,100 גרם,false,,5.90,0.5900,true,1,90396
7290000999922,false,חסה עגולה,,,חסה עגולה,גרמים,1000.00,100 גרם,false,,5.90,0.5900,true,1,90500
7290000999924,false,שום יבש,,,שום יבש,גרמים,1000.00,100 גרם,false,,7.90,0.7900,true,1,90476
7290000999925,false,"תפו""א לבן",,,"תפו""א לבן",קילוגרמים,1.00,"ק""ג",true,,4.90,4.9000,true,1,90381
7290000999926,false,"תפו""א אדום",,,"תפו""א אדום",קילוגרמים,1.00,"ק""ג",true,,5.90,5.9000,true,1,90382
7290000999934,false,עגבניה שרי תמר,,,עגבניה שרי תמר,קילוגרמים,1.00,"ק""ג",true,,19.90,19.9000,true,1,90383
7290000999936,false,תירס,,,תירס,קילוגרמים,1.00,"ק""ג",true,,12.90,12.9000,true,1,90384
7290000999942,false,תפו'ע זהוב,,,תפו'ע זהוב,קילוגרמים,1.00,"ק""ג",true,,11.90,11.9000,true,1,90385
7290000999943,false,תפו'ע סמיט,,,תפו'ע סמיט,קילוגרמים,1.00,"ק""ג",true,,11.90,11.9000,true,1,90386
7290000999944,false,תפו'ע חרמון/גלה,,,תפו'ע חרמון/גלה,קילוגרמים,1.00,"ק""ג",true,,11.90,11.9000,true,1,90387
7290000999945,false,אגס,,,אגס,קילוגרמים,1.00,"ק""ג",true,,14.90,14.9000,true,1,90388
7290000999947,false,שזיף אדום,,,שזיף אדום,קילוגרמים,1.00,"ק""ג",true,,19.90,19.9000,true,1,90478
7290000999948,false,נקטרינה,,,נקטרינה,קילוגרמים,1.00,"ק""ג",true,,14.90,14.9000,true,1,90479
7290000999949,false,בננה,,,בננה,קילוגרמים,1.00,"ק""ג",true,,8.90,8.9000,true,1,90480
7290000999950,false,מלון,,,מלון,קילוגרמים,1.00,"ק""ג",true,,7.90,7.9000,true,1,90481
7290000999952,false,ענבים לבנים,,,ענבים לבנים,קילוגרמים,1.00,"ק""ג",true,,29.90,29.9000,true,1,90389
7290000999953,false,לימון,,,לימון,קילוגרמים,1.00,"ק""ג",true,,7.90,7.9000,true,1,90390
7290000999954,false,מנגו,,,מנגו,קילוגרמים,1.00,"ק""ג",true,,14.90,14.9000,true,1,90483
7290000999955,false,קולורבי,,,קולורבי,קילוגרמים,1.00,"ק""ג",true,,8.90,8.9000,true,1,90397
7290000999956,false,פלפל כתום,,,פלפל כתום,קילוגרמים,1.00,"ק""ג",true,,11.90,11.9000,true,1,90484
7290000999957,false,אבוקדו,,,אבוקדו,קילוגרמים,1.00,"ק""ג",true,,12.90,12.9000,true,1,90391
7290000999959,false,תפו'ע יונתן,,,תפו'ע יונתן,קילוגרמים,1.00,"ק""ג",true,,9.90,9.9000,true,1,90486
7290000999961,false,שומר,,,שומר,קילוגרמים,1.00,"ק""ג",true,,6.90,6.9000,true,1,90392
7290000999967,false,פומלה,,,פומלה,קילוגרמים,1.00,"ק""ג",true,,9.90,9.9000,true,1,90488
7290000999976,false,תפו'ע ענה,,,תפו'ע ענה,קילוגרמים,1.00,"ק""ג",true,,11.90,11.9000,true,1,90491
7290000999987,false,אשכולית צהובה,,,אשכולית צהובה,קילוגרמים,1.00,"ק""ג",true,,5.90,5.9000,true,1,90494
7290000999988,false,תפוז,,,תפוז,קילוגרמים,1.00,"ק""ג",true,,6.90,6.9000,true,1,90393
7290000999990,false,פומלית,,,פומלית,קילוגרמים,1.00,"ק""ג",true,,6.90,6.9000,true,1,90495
7290001009123,false,לחם כוסמין 100% 600,,,לחם כוסמין 100% 600,גרמים,600.00,100 גרם,false,,15.90,2.6500,true,1,135832
7290001009178,false,לחם שיפון לחמנו 900ג,,,לחם שיפון לחמנו 900ג,גרמים,900.00,100 גרם,false,,15.90,1.7667,true,1,135837
7290001041161,false,שעועית לבנה 1קג,,,שעועית לבנה 1קג,גרמים,1000.00,100 גרם,false,,16.90,1.6900,true,1,49972
7290001041185,false,פופקורן מיה 1קג,,,פופקורן מיה 1קג,גרמים,1000.00,100 גרם,false,,10.90,1.0900,true,1,49982
7290001041192,false,עדשים אדומות 1 קג,,,עדשים אדומות 1 קג,גרמים,1000.00,100 גרם,false,,13.90,1.3900,true,1,49973
7290001041260,false,שומשום 400 גרם,,,שומשום 400 גרם,גרמים,400.00,100 גרם,false,,11.90,2.9750,true,1,50530
7290001041994,false,סוכר דמררה צנצנת 1 ק,,,סוכר דמררה צנצנת 1 ק,מיליליטרים,1000.00,"100 מ""ל",false,,11.90,1.1900,true,1,96130
7290001072110,false,סבון ידיים כחול+משאב,,,סבון ידיים כחול+משאב,מיליליטרים,1000.00,"100 מ""ל",false,,10.90,1.0900,true,1,72934
7290001072141,false,סבון ידיים ורוד+משאב,,,סבון ידיים ורוד+משאב,מיליליטרים,1000.00,"100 מ""ל",false,,10.90,1.0900,true,1,72937
7290001121023,false,פסטרמה של פעם יחיעם,,,פסטרמה של פעם יחיעם,קילוגרמים,1.00,"ק""ג",true,,89.00,89.0000,true,1,39050
7290001121054,false,צמד חמד יחיעם 700 גר,קריות זול,,צמד חמד יחיעם 700 גר,גרמים,700.00,100 גרם,false,,29.90,4.2714,true,1,35178
7290001121146,false,פסטרמה מעושנת יחיעם,,,פסטרמה מעושנת יחיעם,קילוגרמים,1.00,"ק""ג",true,,89.00,89.0000,true,1,29910
7290001121238,false,קורנדביף יחיעם 180גר,,,קורנדביף יחיעם 180גר,גרמים,180.00,100 גרם,false,,29.90,16.6111,true,1,49286
7290001121672,false,פסטרמה מעודנת בפפריק,,,פסטרמה מעודנת בפפריק,גרמים,300.00,100 גרם,false,,26.90,8.9667,true,1,64617
7290001121849,false,פסטרמה הודו 100% חומ,,,פסטרמה הודו 100% חומ,גרמים,250.00,100 גרם,false,,27.90,11.1600,true,1,67400
7290001121979,false,סלמי הרץ יחיעם 150 ג,,,סלמי הרץ יחיעם 150 ג,גרמים,150.00,100 גרם,false,,29.90,19.9333,true,1,62387
7290001133484,false,פילה סלמון נורבגי קפ,,,פילה סלמון נורבגי קפ,קילוגרמים,1.00,"ק""ג",true,,79.90,79.9000,true,1,98292
7290001135037,false,חזה עוף טרי ארוז,,,חזה עוף טרי ארוז,קילוגרמים,1.00,"ק""ג",true,,39.90,39.9000,true,1,137396
7290001136287,false,נקה 7 שמפו לשיער רגי,,,נקה 7 שמפו לשיער רגי,מיליליטרים,750.00,"100 מ""ל",false,,12.90,1.7200,true,1,35181
7290001136294,false,נקה 7 שמפו לשיער יבש,,,נקה 7 שמפו לשיער יבש,מיליליטרים,750.00,"100 מ""ל",false,,12.90,1.7200,true,1,22227
7290001216040,false,טחינה אל ארז 500גר,,,טחינה אל ארז 500גר,גרמים,500.00,100 גרם,false,,17.90,3.5800,true,1,76066
7290001216231,false,טחינה שומשום מלא אל,,,טחינה שומשום מלא אל,גרמים,500.00,100 גרם,false,,18.90,3.7800,true,1,76067
7290001230739,false,כאמל כחול חפיסה,,,כאמל כחול חפיסה,יחידה,0.00,יחידה,false,,32.00,0.0000,false,1,50030
7290001231932,false,וינסטון כחול בוקס,,,וינסטון כחול בוקס,יחידה,0.00,יחידה,false,,34.00,0.0000,false,1,50034
7290001245842,false,נוזל רצפות מאסק 4ל ט,,,נוזל רצפות מאסק 4ל ט,מיליליטרים,4000.00,"100 מ""ל",false,,10.90,0.2725,true,1,107267
7290001247068,false,ספרינג תות בננה קרטו,קריות זול,,ספרינג תות בננה קרטו,מיליליטרים,1000.00,"100 מ""ל",false,,7.90,0.7900,true,1,26116
7290001247082,false,ספרינג עגבניות קרטונ,קריות זול,,ספרינג עגבניות קרטונ,מיליליטרים,1000.00,"100 מ""ל",false,,7.90,0.7900,true,1,26118
7290001247143,false,ספרינג תפוח קרטונית,קריות זול,,ספרינג תפוח קרטונית,מיליליטרים,1000.00,"100 מ""ל",false,,7.90,0.7900,true,1,26124
7290001258453,false,קממברט אגוזים בקר יע,,,קממברט אגוזים בקר יע,קילוגרמים,1.00,"ק""ג",true,,99.90,99.9000,true,1,112586
7290001258804,false,קשקבל ואקום 180 גרם,,,קשקבל ואקום 180 גרם,גרמים,180.00,100 גרם,false,,24.90,13.8333,true,1,112596
7290001258989,false,קממברט בקר בייבי יעק,,,קממברט בקר בייבי יעק,קילוגרמים,1.00,"ק""ג",true,,99.90,99.9000,true,1,112587
7290001265642,false,לה קט מולטי פק 3*400,קריות זול,,לה קט מולטי פק 3*400,גרמים,1200.00,100 גרם,false,,24.90,2.0750,true,1,25093
7290001274422,false,מאגדת שלגונים ציפוי,,,מאגדת שלגונים ציפוי,יח',8.00,יח',false,,23.90,2.9875,true,1,129464
7290001274576,false,גלידל גלידה משפחתית,,,גלידל גלידה משפחתית,גרמים,450.00,100 גרם,false,,19.90,4.4222,true,1,134921
7290001274583,false,גלידל גלידה משפחתית,,,גלידל גלידה משפחתית,גרמים,450.00,100 גרם,false,,19.90,4.4222,true,1,134922
7290001274934,false,גלידל פרי מאגדת בטעם,,,גלידל פרי מאגדת בטעם,יח',5.00,יח',false,,23.90,4.7800,true,1,129465
7290001274941,false,גלידל פרי מאגדת בטעם,,,גלידל פרי מאגדת בטעם,יח',8.00,יח',false,,23.90,2.9875,true,1,129466
7290001305058,false,פלמוליב תחליב רחצה ס,קריות זול,,פלמוליב תחליב רחצה ס,מיליליטרים,500.00,"100 מ""ל",false,,17.50,3.5000,true,1,28358
7290001327180,false,קרמיסימו וניל ציפ 1.,קריות זול,,קרמיסימו וניל ציפ 1.,מיליליטרים,1330.00,"100 מ""ל",false,,21.90,1.6466,true,1,28847
7290001327791,false,קרמיסימו עוגיות 1.33,קריות זול,,קרמיסימו עוגיות 1.33,מיליליטרים,1330.00,"100 מ""ל",false,,21.90,1.6466,true,1,28853
7290001407134,false,חלבה פרוסות שוקו וני,,,חלבה פרוסות שוקו וני,גרמים,400.00,100 גרם,false,,16.90,4.2250,true,1,68830
7290001407547,false,טחינה משומשום מלא פי,,,טחינה משומשום מלא פי,גרמים,500.00,100 גרם,false,,17.90,3.5800,true,1,73495
7290001407813,false,חלבה שאמית פיסטוק בא,קריות זול,,חלבה שאמית פיסטוק בא,גרמים,350.00,100 גרם,false,,17.90,5.1143,true,1,25379
7290001407844,false,חלבה קלאסית וניל באר,קריות זול,,חלבה קלאסית וניל באר,גרמים,350.00,100 גרם,false,,16.90,4.8286,true,1,25382
7290001407936,false,טחינה מעודנת לחיץ בא,,,טחינה מעודנת לחיץ בא,גרמים,310.00,100 גרם,false,,14.90,4.8065,true,1,90302
7290001436790,false,נקניקיות מרגז מיני א,,,נקניקיות מרגז מיני א,גרמים,500.00,100 גרם,false,,29.90,5.9800,true,1,91783
7290001455418,false,סטייק טונה בדץ קפוא,,,סטייק טונה בדץ קפוא,קילוגרמים,1.00,"ק""ג",true,,39.90,39.9000,true,1,93273
7290001455937,false,אנטריקוט עגל פריים,,,אנטריקוט עגל פריים,קילוגרמים,1.00,"ק""ג",true,,159.00,159.0000,true,1,136357
7290001482094,false,פרמז'נו וילי פוד 200,,,פרמז'נו וילי פוד 200,גרמים,200.00,100 גרם,false,,23.90,11.9500,true,1,68147
7290001482933,false,גאודה הולנדי 28% ויל,,,גאודה הולנדי 28% ויל,קילוגרמים,1.00,"ק""ג",true,,65.00,65.0000,true,1,69344
7290001485019,false,גבינת שמנת טבעי 5% 2,קריות זול,,גבינת שמנת טבעי 5% 2,גרמים,200.00,100 גרם,false,,11.90,5.9500,true,1,33325
7290001491010,false,תה ירוק יסמין 25יח,קריות זול,,תה ירוק יסמין 25יח,גרמים,37.50,100 גרם,false,,26.90,71.7333,true,1,31097
7290001491096,false,תה ירוק בתוספת לימונ,קריות זול,,תה ירוק בתוספת לימונ,יח',50.00,יח',false,,46.90,0.9380,true,1,31098
7290001548011,false,טחינה ירוקה 250 גרם,,,טחינה ירוקה 250 גרם,גרמים,250.00,100 גרם,false,,15.90,6.3600,true,1,113118
7290001548035,false,סלט טורקי 250 גרם סל,,,סלט טורקי 250 גרם סל,גרמים,250.00,100 גרם,false,,15.90,6.3600,true,1,113139
7290001548042,false,ביצים גביע 250גר סלט,,,ביצים גביע 250גר סלט,גרמים,250.00,100 גרם,false,,22.90,9.1600,true,1,120147
7290001548202,false,רצועות סלק גביע 250ג,,,רצועות סלק גביע 250ג,גרמים,250.00,100 גרם,false,,15.90,6.3600,true,1,120150
7290001548233,false,חציל מחנה יהודה פיקנ,,,חציל מחנה יהודה פיקנ,גרמים,250.00,100 גרם,false,,17.90,7.1600,true,1,141236
7290001548288,false,מסבחה פיקנטי 250 גרם,,,מסבחה פיקנטי 250 גרם,גרמים,250.00,100 גרם,false,,15.90,6.3600,true,1,113116
7290001548295,false,מטבוחה 250 גרם סלטי,,,מטבוחה 250 גרם סלטי,גרמים,250.00,100 גרם,false,,15.90,6.3600,true,1,113141
7290001548325,false,טונה ירקות  250 גרם,,,טונה ירקות  250 גרם,גרמים,250.00,100 גרם,false,,24.90,9.9600,true,1,141241
7290001548332,false,טונה סלרי (אמריקאית),,,טונה סלרי (אמריקאית),גרמים,250.00,100 גרם,false,,24.90,9.9600,true,1,120148
7290001548349,false,"תפו""א במיונז ביתי 25",,,"תפו""א במיונז ביתי 25",גרמים,250.00,100 גרם,false,,15.90,6.3600,true,1,113128
7290001548370,false,טבולה גביע 250גרם סל,,,טבולה גביע 250גרם סל,גרמים,250.00,100 גרם,false,,16.90,6.7600,true,1,120149
7290001548387,false,כרוב סיני 250 גרם סל,,,כרוב סיני 250 גרם סל,גרמים,250.00,100 גרם,false,,15.90,6.3600,true,1,113133
7290001548400,false,חומוס זהב 250 גרם סל,,,חומוס זהב 250 גרם סל,גרמים,250.00,100 גרם,false,,15.90,6.3600,true,1,113117
7290001548431,false,סחוג ירוק 250 גרם סל,,,סחוג ירוק 250 גרם סל,גרמים,250.00,100 גרם,false,,15.90,6.3600,true,1,113147
7290001548462,false,פלפל רצועות חריף 250,,,פלפל רצועות חריף 250,גרמים,250.00,100 גרם,false,,22.90,9.1600,true,1,113143
7290001548493,false,שום כתוש 250 גרם סלט,,,שום כתוש 250 גרם סלט,גרמים,250.00,100 גרם,false,,13.90,5.5600,true,1,113122
7290001548530,false,מסבחה פטרוזיליה 250,,,מסבחה פטרוזיליה 250,גרמים,250.00,100 גרם,false,,15.90,6.3600,true,1,113119
7290001548547,false,אריסה חריפה 250 ג סל,,,אריסה חריפה 250 ג סל,גרמים,250.00,100 גרם,false,,15.90,6.3600,true,1,113148
7290001548561,false,גזר חריף חי בלימון 2,,,גזר חריף חי בלימון 2,גרמים,250.00,100 גרם,false,,15.90,6.3600,true,1,113137
7290001548592,false,סלט טחינה עמבה 250 ג,,,סלט טחינה עמבה 250 ג,גרמים,250.00,100 גרם,false,,15.90,6.3600,true,1,141253
7290001548615,false,חציל בטחינה 250 גרם,,,חציל בטחינה 250 גרם,גרמים,250.00,100 גרם,false,,16.90,6.7600,true,1,113109
7290001548639,false,חציל מונטה קרלו 250,,,חציל מונטה קרלו 250,גרמים,250.00,100 גרם,false,,16.90,6.7600,true,1,113113
7290001548691,false,כרוב אדום במיונז 250,,,כרוב אדום במיונז 250,גרמים,250.00,100 גרם,false,,15.90,6.3600,true,1,113134
7290001548752,false,טחינה לבנה 250 גרם ס,,,טחינה לבנה 250 גרם ס,גרמים,250.00,100 גרם,false,,15.90,6.3600,true,1,113123
7290001548776,false,סחוג אדום 250 גרם סל,,,סחוג אדום 250 גרם סל,גרמים,250.00,100 גרם,false,,15.90,6.3600,true,1,113149
7290001548783,false,פלפל אש טוניסאי 250ג,,,פלפל אש טוניסאי 250ג,גרמים,250.00,100 גרם,false,,22.90,9.1600,true,1,113150
7290001548875,false,חמוצים יפנים 450 ג ס,,,חמוצים יפנים 450 ג ס,גרמים,450.00,100 גרם,false,,24.90,5.5333,true,1,113136
7290001548967,false,חציל תאילנדי צ'ילי 2,,,חציל תאילנדי צ'ילי 2,גרמים,250.00,100 גרם,false,,16.90,6.7600,true,1,113115
7290001548974,false,לימון כבוש טחון 250,,,לימון כבוש טחון 250,גרמים,250.00,100 גרם,false,,21.90,8.7600,true,1,113126
7290001548998,false,סלט חומוס זהב 500 גר,,,סלט חומוס זהב 500 גר,גרמים,500.00,100 גרם,false,,22.90,4.5800,true,1,141237
7290001567555,false,פסטרמה מעודנת עם דבש,,,פסטרמה מעודנת עם דבש,גרמים,300.00,100 גרם,false,,26.90,8.9667,true,1,91663
7290001567760,false,פסטרמה של פעם ללא חו,,,פסטרמה של פעם ללא חו,גרמים,300.00,100 גרם,false,,29.90,9.9667,true,1,77019
7290001567807,false,כתף בקר מעושן ללא חו,,,כתף בקר מעושן ללא חו,גרמים,250.00,100 גרם,false,,34.90,13.9600,true,1,77023
7290001567814,false,סלמי מעושן בסגנון אי,,,סלמי מעושן בסגנון אי,גרמים,300.00,100 גרם,false,,26.90,8.9667,true,1,77024
7290001594025,false,קוקה קולה קלאסי 350מ,,,קוקה קולה קלאסי 350מ,מיליליטרים,350.00,"100 מ""ל",false,,7.00,2.0000,true,1,101881
7290001594377,false,פריגת תפוזים 500 מל,קריות זול,,פריגת תפוזים 500 מל,מיליליטרים,500.00,"100 מ""ל",false,,6.70,1.3400,true,1,27883
7290001594384,false,פריגת אשכוליות 500מל,קריות זול,,פריגת אשכוליות 500מל,מיליליטרים,500.00,"100 מ""ל",false,,6.70,1.3400,true,1,27884
7290001594391,false,פריגת ענבים 500מל,קריות זול,,פריגת ענבים 500מל,מיליליטרים,500.00,"100 מ""ל",false,,6.70,1.3400,true,1,27885
7290001594568,false,בירה קרלסברג פחית 50,קריות זול,,בירה קרלסברג פחית 50,מיליליטרים,500.00,"100 מ""ל",false,,10.50,2.1000,true,1,27888
7290001594575,false,בירה טובורג פחית 500,קריות זול,,בירה טובורג פחית 500,מיליליטרים,500.00,"100 מ""ל",false,,10.50,2.1000,true,1,27889
7290001594858,false,בירה טובורג בקבוק שי,קריות זול,,בירה טובורג בקבוק שי,מיליליטרים,1980.00,"100 מ""ל",false,,44.90,2.2677,true,1,27895
7290001594865,false,שישיית בירה קרלסברג,קריות זול,,שישיית בירה קרלסברג,מיליליטרים,1980.00,"100 מ""ל",false,,43.90,2.2172,true,1,27896
7290001598085,false,לחם משפחתי 1.1 קג,,,לחם משפחתי 1.1 קג,גרמים,1100.00,100 גרם,false,,16.90,1.5364,true,1,134648
7290001598115,false,לחם חיטה 700 גרם,,,לחם חיטה 700 גרם,גרמים,700.00,100 גרם,false,,13.90,1.9857,true,1,134649
7290001598191,false,לחם קל מקמח שיפון 70,,,לחם קל מקמח שיפון 70,גרמים,700.00,100 גרם,false,,13.90,1.9857,true,1,134651
7290001598276,false,"לחם 7 דגנים 1.1 ק""ג",,,"לחם 7 דגנים 1.1 ק""ג",גרמים,1100.00,100 גרם,false,,16.90,1.5364,true,1,134654
7290001598580,false,פיתות 6 יח כוסמין 37,,,פיתות 6 יח כוסמין 37,גרמים,372.00,100 גרם,false,,16.90,4.5430,true,1,136663
7290001648919,false,קפה כתר 3*70גר,,,קפה כתר 3*70גר,גרמים,210.00,100 גרם,false,,10.90,5.1905,true,1,52710
7290001648995,false,*מבצע* קפה טורקי רג',,,*מבצע* קפה טורקי רג',גרמים,300.00,100 גרם,false,,12.90,4.3000,true,1,98791
7290001670224,false,מלית פרג 400 גר,קריות זול,,מלית פרג 400 גר,גרמים,400.00,100 גרם,false,,13.90,3.4750,true,1,31741
7290001670514,false,מלית אוכמניות 400 גר,קריות זול,,מלית אוכמניות 400 גר,גרמים,400.00,100 גרם,false,,13.90,3.4750,true,1,31744
7290001670736,false,כפפות ניילון שקוף הנ,קריות זול,,כפפות ניילון שקוף הנ,יחידה,0.00,יחידה,false,,6.90,0.0000,true,1,35327
7290001670842,false,מלית חלבה 400 גר,קריות זול,,מלית חלבה 400 גר,גרמים,400.00,100 גרם,false,,12.90,3.2250,true,1,31750
7290001670859,false,מלית דובדבנים 400 גר,קריות זול,,מלית דובדבנים 400 גר,גרמים,400.00,100 גרם,false,,13.90,3.4750,true,1,31751
7290001713150,false,אקונומיקה קצף ניקוי,,,אקונומיקה קצף ניקוי,ליטרים,1.00,ליטר,false,,11.90,11.9000,true,1,99858
7290001713167,false,קצף לניקוי כלים סניט,,,קצף לניקוי כלים סניט,ליטרים,1.00,ליטר,false,,11.90,11.9000,true,1,99859
7290001713518,false,סנט מוריץ תרסיס לניק,,,סנט מוריץ תרסיס לניק,מיליליטרים,750.00,"100 מ""ל",false,,12.90,1.7200,true,1,52115
7290001714058,false,אנטריקוט עגל פריים,,,אנטריקוט עגל פריים,קילוגרמים,1.00,"ק""ג",true,,159.00,159.0000,true,1,74250
7290001714072,false,צלעות עגל,,,צלעות עגל,קילוגרמים,1.00,"ק""ג",true,,69.90,69.9000,true,1,74251
7290001714089,false,צוואר עגל,,,צוואר עגל,קילוגרמים,1.00,"ק""ג",true,,69.90,69.9000,true,1,74252
7290001714133,false,גולש עגל,,,גולש עגל,קילוגרמים,1.00,"ק""ג",true,,69.00,69.0000,true,1,134776
7290001791349,false,אקונומיקה פיסגה ריחנ,קריות זול,,אקונומיקה פיסגה ריחנ,ליטרים,4.00,ליטר,false,,12.90,3.2250,true,1,25769
7290001791356,false,מטהר אוויר סנו פרש א,קריות זול,,מטהר אוויר סנו פרש א,גרמים,165.00,100 גרם,false,,16.90,10.2424,true,1,105297
7290001855935,false,שמן חמניות מזוכך 900,,,שמן חמניות מזוכך 900,מיליליטרים,900.00,"100 מ""ל",false,,10.90,1.2111,true,1,103304
7290001865439,false,פמלי סבון נוזלי וניל,קריות זול,,פמלי סבון נוזלי וניל,מיליליטרים,1000.00,"100 מ""ל",false,,14.90,1.4900,true,1,25393
7290001865453,false,פמלי סבון נוזלי לבנד,קריות זול,,פמלי סבון נוזלי לבנד,מיליליטרים,1000.00,"100 מ""ל",false,,14.90,1.4900,true,1,25394
7290001873052,false,צלי כתף עגל,,,צלי כתף עגל,קילוגרמים,1.00,"ק""ג",true,,89.90,89.9000,true,1,134824
7290001893838,false,לברק נקי טרי,,,לברק נקי טרי,קילוגרמים,1.00,"ק""ג",true,,69.90,69.9000,true,1,76700
7290001917527,false,פדיות קוסמטיות פרש ו,קריות זול,,פדיות קוסמטיות פרש ו,יח',80.00,יח',false,,20.90,0.2612,true,1,43006
7290001973233,false,קמיל בלו סנסטיב מגבו,,,קמיל בלו סנסטיב מגבו,יחידה,0.00,יחידה,false,,11.90,0.0000,true,1,92877
7290001990094,false,סוכר חום בצנצנת קלאס,קריות זול,,סוכר חום בצנצנת קלאס,גרמים,1000.00,100 גרם,false,,15.90,1.5900,true,1,22608
7290001990117,false,שומשום סוגת 100גר,קריות זול,,שומשום סוגת 100גר,גרמים,100.00,100 גרם,false,,4.90,4.9000,true,1,32163
7290001990148,false,סוכר גולדן קלאסי בצנ,קריות זול,,סוכר גולדן קלאסי בצנ,גרמים,1000.00,100 גרם,false,,13.90,1.3900,true,1,32164
7290002007234,false,אבקת סוכר הנמל 100 ג,,,אבקת סוכר הנמל 100 ג,גרמים,100.00,100 גרם,false,,2.20,2.2000,true,1,31771
7290002007357,false,שקיות לצליה דליקטס ק,,,שקיות לצליה דליקטס ק,יח',10.00,יח',false,,4.90,0.4900,true,1,31776
7290002007500,false,קיסמי שיניים במבוק 5,קריות זול,,קיסמי שיניים במבוק 5,יח',500.00,יח',false,,4.90,0.0098,true,1,31785
7290002007821,false,צבע מאכל אדום 55מל,קריות זול,,צבע מאכל אדום 55מל,מיליליטרים,55.00,"100 מ""ל",false,,3.90,7.0909,true,1,31789
7290002008040,false,שיפודי עץ 100יח,קריות זול,,שיפודי עץ 100יח,יחידה,0.00,יחידה,false,,3.90,0.0000,true,1,31796
7290002008088,false,צבע מאכל צהוב 55מל,,,צבע מאכל צהוב 55מל,מיליליטרים,55.00,"100 מ""ל",false,,3.90,7.0909,true,1,31800
7290002008118,false,צמרונים עץ 100יח.,קריות זול,,צמרונים עץ 100יח.,יח',100.00,יח',false,,1.90,0.0190,true,1,31802
7290002008224,false,קישוט לעוגה גליד 100,קריות זול,,קישוט לעוגה גליד 100,גרמים,100.00,100 גרם,false,,6.50,6.5000,true,1,31808
7290002008262,false,מצע לירקות ולפירות ה,,,מצע לירקות ולפירות ה,יחידה,0.00,יחידה,false,,11.90,0.0000,true,1,31811
7290002008309,false,עטרות חום 4,,,עטרות חום 4,יחידה,0.00,יחידה,false,,5.90,0.0000,true,1,31812
7290002008460,false,עטרות חום 1.5,קריות זול,,עטרות חום 1.5,יחידה,0.00,יחידה,false,,5.90,0.0000,true,1,31818
7290002008491,false,סוכריות מזרה שוקולד,קריות זול,,סוכריות מזרה שוקולד,גרמים,100.00,100 גרם,false,,6.50,6.5000,true,1,31820
7290002008507,false,נייר אפיה 50יח,,,נייר אפיה 50יח,יח',50.00,יח',false,,9.90,0.1980,true,1,31821
7290002008828,false,סוכריות לעוגה גמבו ש,,,סוכריות לעוגה גמבו ש,גרמים,200.00,100 גרם,false,,9.50,4.7500,true,1,35425
7290002008934,false,סוכריות צבעוניות לקי,קריות זול,,סוכריות צבעוניות לקי,גרמים,200.00,100 גרם,false,,9.50,4.7500,true,1,31829
7290002013006,false,פסטרמה מקסיקנית זוגל,,,פסטרמה מקסיקנית זוגל,קילוגרמים,1.00,"ק""ג",true,,89.00,89.0000,true,1,49574
7290002013037,false,פסטרמה פרגית זוגלובק,,,פסטרמה פרגית זוגלובק,קילוגרמים,1.00,"ק""ג",true,,89.00,89.0000,true,1,49575
7290002013174,false,פסטרמה של פעם זוגלוב,,,פסטרמה של פעם זוגלוב,קילוגרמים,1.00,"ק""ג",true,,89.00,89.0000,true,1,52030
7290002014201,false,חומוס  מיקי 200 גרם,,,חומוס  מיקי 200 גרם,גרמים,200.00,100 גרם,false,,9.90,4.9500,true,1,28726
7290002014232,false,סלט טורקי 200 גר,,,סלט טורקי 200 גר,גרמים,200.00,100 גרם,false,,9.90,4.9500,true,1,28729
7290002019183,false,עגבניות שלמות פריניר,,,עגבניות שלמות פריניר,גרמים,800.00,100 גרם,false,,7.90,0.9875,true,1,35449
7290002019763,false,עגבניות מרוסקות פרינ,,,עגבניות מרוסקות פרינ,גרמים,800.00,100 גרם,false,,7.90,0.9875,true,1,35450
7290002019787,false,רסק עגבניות22% פריני,קריות זול,,רסק עגבניות22% פריני,גרמים,260.00,100 גרם,false,,4.70,1.8077,true,1,33463
7290002019794,false,רסק עגבניות 22% פרינ,,,רסק עגבניות 22% פרינ,גרמים,100.00,100 גרם,false,,2.50,2.5000,true,1,32795
7290002022923,false,לקקן תות פופ 50יח,,,לקקן תות פופ 50יח,גרמים,500.00,100 גרם,false,,14.90,2.9800,true,1,40491
7290002026341,false,צ'יפס אריסטו רגיל 50,,,צ'יפס אריסטו רגיל 50,גרמים,500.00,100 גרם,false,,18.90,3.7800,true,1,98141
7290002026365,false,טבעות בצל 500גר,,,טבעות בצל 500גר,גרמים,500.00,100 גרם,false,,11.90,2.3800,true,1,90103
7290002026402,false,בלינצס גבינה 350גר,,,בלינצס גבינה 350גר,גרמים,350.00,100 גרם,false,,14.90,4.2571,true,1,70448
7290002026440,false,פרצלס קפוא 280גר,,,פרצלס קפוא 280גר,גרמים,280.00,100 גרם,false,,14.90,5.3214,true,1,69584
7290002026587,false,וופל בלגי קפוא 8יח ב,,,וופל בלגי קפוא 8יח ב,גרמים,280.00,100 גרם,false,,14.90,5.3214,true,1,120059
7290002037040,false,חלה פלוב ודש 500 גרם,,,חלה פלוב ודש 500 גרם,גרמים,500.00,100 גרם,false,,16.90,3.3800,true,1,135675
7290002037057,false,לחם לבן פרוס 500גר,,,לחם לבן פרוס 500גר,גרמים,500.00,100 גרם,false,,6.10,1.2200,true,1,135676
7290002037125,false,חלה פרוסה וודש 500גר,,,חלה פרוסה וודש 500גר,גרמים,500.00,100 גרם,false,,9.90,1.9800,true,1,135677
7290002037163,false,לחם אחיד פרוס 750גר,,,לחם אחיד פרוס 750גר,גרמים,750.00,100 גרם,false,,7.10,0.9467,true,1,135679
7290002037194,false,לחם שחור מקמח מלא וו,,,לחם שחור מקמח מלא וו,גרמים,750.00,100 גרם,false,,13.90,1.8533,true,1,135680
7290002037309,false,לחמניות המבורגר 8יח,,,לחמניות המבורגר 8יח,גרמים,400.00,100 גרם,false,,14.90,3.7250,true,1,135682
7290002037637,false,חליות מתוקות 4יח,,,חליות מתוקות 4יח,גרמים,400.00,100 גרם,false,,12.90,3.2250,true,1,135685
7290002037651,false,חלה מתוקה ברמן,,,חלה מתוקה ברמן,גרמים,500.00,100 גרם,false,,8.90,1.7800,true,1,136636
7290002053118,false,אטריות ביצים מס 14 2,קריות זול,,אטריות ביצים מס 14 2,גרמים,200.00,100 גרם,false,,10.90,5.4500,true,1,22419
7290002057031,false,זית מבוקע יבנה 540גר,קריות זול,,זית מבוקע יבנה 540גר,גרמים,540.00,100 גרם,false,,9.90,1.8333,true,1,35455
7290002057048,false,זית סורי מבוקע 540גר,קריות זול,,זית סורי מבוקע 540גר,גרמים,540.00,100 גרם,false,,10.90,2.0185,true,1,22610
7290002057093,false,זית מנזלינו ירוק יבנ,,,זית מנזלינו ירוק יבנ,גרמים,540.00,100 גרם,false,,8.90,1.6481,true,1,22614
7290002057123,false,חרוזית ירוק 540 גר,קריות זול,,חרוזית ירוק 540 גר,גרמים,540.00,100 גרם,false,,10.90,2.0185,true,1,22615
7290002057161,false,זית מירנט חתוך ביין,קריות זול,,זית מירנט חתוך ביין,גרמים,340.00,100 גרם,false,,10.90,3.2059,true,1,22617
7290002057185,false,טבעות זיתים ירוק 540,קריות זול,,טבעות זיתים ירוק 540,גרמים,540.00,100 גרם,false,,10.90,2.0185,true,1,22618
7290002057352,false,מלפפון 7-9 במלח 540ג,קריות זול,,מלפפון 7-9 במלח 540ג,גרמים,540.00,100 גרם,false,,7.40,1.3704,true,1,40281
7290002057369,false,מלפפון 10-12 במלח 54,קריות זול,,מלפפון 10-12 במלח 54,גרמים,540.00,100 גרם,false,,7.90,1.4630,true,1,40353
7290002057376,false,מלפפון 13-17 במלח 54,קריות זול,,מלפפון 13-17 במלח 54,גרמים,540.00,100 גרם,false,,10.70,1.9815,true,1,40354
7290002057468,false,מלפפון 10-12 בחומץ 5,קריות זול,,מלפפון 10-12 בחומץ 5,גרמים,540.00,100 גרם,false,,7.90,1.4630,true,1,40355
7290002057475,false,מלפפון 13-17 בחומץ 5,קריות זול,,מלפפון 13-17 בחומץ 5,גרמים,540.00,100 גרם,false,,10.70,1.9815,true,1,35464
7290002057604,false,פלפל חריף שיפקה יבנה,קריות זול,,פלפל חריף שיפקה יבנה,גרמים,540.00,100 גרם,false,,6.50,1.2037,true,1,22621
7290002057628,false,זית טבעות מושחר 540ג,קריות זול,,זית טבעות מושחר 540ג,גרמים,540.00,100 גרם,false,,10.90,2.0185,true,1,22622
7290002057703,false,חציל במלח יבנה 540גר,קריות זול,,חציל במלח יבנה 540גר,גרמים,540.00,100 גרם,false,,6.90,1.2778,true,1,35467
7290002057734,false,חרוזית מושחר יבנה 27,קריות זול,,חרוזית מושחר יבנה 27,גרמים,275.00,100 גרם,false,,10.90,3.9636,true,1,22624
7290002079590,false,חלה רגילה 500גר,,,חלה רגילה 500גר,גרמים,500.00,100 גרם,false,,5.17,1.0340,true,1,101418
7290002079606,false,חלה רגילה 500גר,,,חלה רגילה 500גר,גרמים,500.00,100 גרם,false,,5.17,1.0340,true,1,101419
7290002107385,false,גליל גבינת עיזים צור,,,גליל גבינת עיזים צור,גרמים,180.00,100 גרם,false,,23.90,13.2778,true,1,44749
7290002107491,false,גבינת עזים למריחה טב,קריות זול,,גבינת עזים למריחה טב,גרמים,250.00,100 גרם,false,,16.50,6.6000,true,1,31206
7290002107798,false,בולגרית מעודנת 5% בג,,,בולגרית מעודנת 5% בג,גרמים,250.00,100 גרם,false,,23.70,9.4800,true,1,31213
7290002118398,false,צימרוני אוזניים 'בקו,,,צימרוני אוזניים 'בקו,יח',200.00,יח',false,,4.90,0.0245,true,1,31837
7290002128311,false,נר נשמה בכוס ל-7 ימי,קריות זול,,נר נשמה בכוס ל-7 ימי,יח',72.00,יח',false,,10.90,0.1514,true,1,20750
7290002128854,false,כוסות שתייה חמה 50 י,,,כוסות שתייה חמה 50 י,יחידה,0.00,יחידה,false,,19.90,0.0000,true,1,139203
7290002130567,false,דבש טהור מפרחי בר בז,קריות זול,,דבש טהור מפרחי בר בז,גרמים,350.00,100 גרם,false,,14.90,4.2571,true,1,30362
7290002130574,false,דבש טהור מפרחי בר בז,קריות זול,,דבש טהור מפרחי בר בז,גרמים,500.00,100 גרם,false,,29.90,5.9800,true,1,30363
7290002132011,false,עוגיות עבאדי מזרחיות,קריות זול,,עוגיות עבאדי מזרחיות,גרמים,400.00,100 גרם,false,,19.90,4.9750,true,1,31105
7290002133070,false,קאשקבל טורקי שומרון,,,קאשקבל טורקי שומרון,קילוגרמים,1.00,"ק""ג",true,,119.00,119.0000,true,1,49929
7290002133094,false,ברינזה צאן שומרון,,,ברינזה צאן שומרון,קילוגרמים,1.00,"ק""ג",true,,85.00,85.0000,true,1,91668
7290002133117,false,בולגרית 5% מעודנת שו,,,בולגרית 5% מעודנת שו,קילוגרמים,1.00,"ק""ג",true,,39.00,39.0000,true,1,51732
7290002133124,false,ריקוטה 5% שומרון,,,ריקוטה 5% שומרון,קילוגרמים,1.00,"ק""ג",true,,49.00,49.0000,true,1,51731
7290002133131,false,ריקוטה 5% 250גר השומ,,,ריקוטה 5% 250גר השומ,גרמים,250.00,100 גרם,false,,14.90,5.9600,true,1,55759
7290002133148,false,צפתית רכה 5% שומרון,,,צפתית רכה 5% שומרון,קילוגרמים,1.00,"ק""ג",true,,39.00,39.0000,true,1,49931
7290002133162,false,בולגרית גביע 5% 250ג,קריות זול,,בולגרית גביע 5% 250ג,גרמים,250.00,100 גרם,false,,18.90,7.5600,true,1,49946
7290002133193,false,בולגרית שומרון,,,בולגרית שומרון,קילוגרמים,1.00,"ק""ג",true,,39.00,39.0000,true,1,49932
7290002133209,false,לאבנה 5% שומרון,,,לאבנה 5% שומרון,קילוגרמים,1.00,"ק""ג",true,,39.00,39.0000,true,1,51717
7290002133216,false,גבינת שמנת 25% שומרו,,,גבינת שמנת 25% שומרו,קילוגרמים,1.00,"ק""ג",true,,39.00,39.0000,true,1,51718
7290002133247,false,לאבנה עם זעתר ושמן 5,קריות זול,,לאבנה עם זעתר ושמן 5,גרמים,250.00,100 גרם,false,,11.90,4.7600,true,1,50999
7290002133520,false,יוגורט של פעם 3% השו,,,יוגורט של פעם 3% השו,גרמים,400.00,100 גרם,false,,9.90,2.4750,true,1,51776
7290002133551,false,לאבנה עם זעתר ושמן ז,,,לאבנה עם זעתר ושמן ז,גרמים,500.00,100 גרם,false,,17.50,3.5000,true,1,51777
7290002133582,false,כדורי מוצרלה שומרון,,,כדורי מוצרלה שומרון,קילוגרמים,1.00,"ק""ג",true,,79.00,79.0000,true,1,51719
7290002133858,false,בולגרית צאן גביע 250,,,בולגרית צאן גביע 250,גרמים,250.00,100 גרם,false,,23.90,9.5600,true,1,51765
7290002133889,false,בולגרית מעודנת בקר 5,,,בולגרית מעודנת בקר 5,גרמים,250.00,100 גרם,false,,18.90,7.5600,true,1,55714
7290002150718,false,"קרפלך במילוי תפו""א ח",,,"קרפלך במילוי תפו""א ח",גרמים,400.00,100 גרם,false,,16.90,4.2250,true,1,68768
7290002150794,false,סיגר בשר חמים וטעים,,,סיגר בשר חמים וטעים,גרמים,400.00,100 גרם,false,,16.90,4.2250,true,1,67932
7290002150817,false,"סיגר תפו""א חמים וטעי",,,"סיגר תפו""א חמים וטעי",גרמים,400.00,100 גרם,false,,16.90,4.2250,true,1,67933
7290002150831,false,"פסטל תפו""א חמים וטעי",,,"פסטל תפו""א חמים וטעי",גרמים,400.00,100 גרם,false,,16.90,4.2250,true,1,67934
7290002150862,false,קובה בשר מטוגן חמים,,,קובה בשר מטוגן חמים,גרמים,400.00,100 גרם,false,,16.90,4.2250,true,1,67936
7290002153801,false,אובלטים שומשום 300 ג,,,אובלטים שומשום 300 ג,גרמים,300.00,100 גרם,false,,10.90,3.6333,true,1,98161
7290002153825,false,אובלטים מלוחים 300 ג,,,אובלטים מלוחים 300 ג,גרמים,300.00,100 גרם,false,,10.90,3.6333,true,1,98162
7290002153887,false,אובלטים קימל 300גר,,,אובלטים קימל 300גר,גרמים,300.00,100 גרם,false,,10.90,3.6333,true,1,98163
7290002190141,false,ריבת חלב בצנצנת 450,קריות זול,,ריבת חלב בצנצנת 450,גרמים,450.00,100 גרם,false,,13.90,3.0889,true,1,28190
7290002195054,false,המבורגר בלדי 400גר,,,המבורגר בלדי 400גר,גרמים,400.00,100 גרם,false,,14.90,3.7250,true,1,49245
7290002195078,false,בלדי קבב כבש 400גר,,,בלדי קבב כבש 400גר,גרמים,400.00,100 גרם,false,,14.90,3.7250,true,1,49246
7290002195085,false,קבב מזרחי 400גר,,,קבב מזרחי 400גר,גרמים,400.00,100 גרם,false,,14.90,3.7250,true,1,49247
7290002195092,false,קבב רומני 400גר,,,קבב רומני 400גר,גרמים,400.00,100 גרם,false,,14.90,3.7250,true,1,49248
7290002198048,false,פסטרמה הודו בתיבול ש,,,פסטרמה הודו בתיבול ש,קילוגרמים,1.00,"ק""ג",true,,89.00,89.0000,true,1,135038
7290002198116,false,ברזילאית בקר והודו ז,,,ברזילאית בקר והודו ז,קילוגרמים,1.00,"ק""ג",true,,119.00,119.0000,true,1,140072
7290002211013,false,קמח חיטה לבן בהיר 1ק,,,קמח חיטה לבן בהיר 1ק,גרמים,1000.00,100 גרם,false,,5.50,0.5500,true,1,86122
7290002211044,false,"סולת 1ק""ג",,,"סולת 1ק""ג",גרמים,1000.00,100 גרם,false,,6.50,0.6500,true,1,40787
7290002211112,false,קמח רוט כחול לבן 1קג,,,קמח רוט כחול לבן 1קג,גרמים,1000.00,100 גרם,false,,6.50,0.6500,true,1,91843
7290002211297,false,קמח חיטה לבן בהיר מנ,,,קמח חיטה לבן בהיר מנ,גרמים,1000.00,100 גרם,false,,7.90,0.7900,true,1,140251
7290002211518,false,קמח חיטה לבן מנופה ט,,,קמח חיטה לבן מנופה ט,גרמים,1000.00,100 גרם,false,,7.90,0.7900,true,1,140252
7290002239185,false,אפונה מוקפאת 800גר,קריות זול,,אפונה מוקפאת 800גר,גרמים,800.00,100 גרם,false,,10.90,1.3625,true,1,27682
7290002239277,false,גזר גמדי 800גר,קריות זול,,גזר גמדי 800גר,גרמים,800.00,100 גרם,false,,10.90,1.3625,true,1,27684
7290002239307,false,שעועית צהובה 800גר,,,שעועית צהובה 800גר,גרמים,800.00,100 גרם,false,,10.90,1.3625,true,1,27685
7290002239338,false,שעועית ירוקה 800גר,קריות זול,,שעועית ירוקה 800גר,גרמים,800.00,100 גרם,false,,10.90,1.3625,true,1,27686
7290002239369,false,שעועית שלמה 800גר,קריות זול,,שעועית שלמה 800גר,גרמים,800.00,100 גרם,false,,10.90,1.3625,true,1,27688
7290002239420,false,גרעיני תירס 800גר,קריות זול,,גרעיני תירס 800גר,גרמים,800.00,100 גרם,false,,10.90,1.3625,true,1,27689
7290002253006,false,שום כתוש דורות 200גר,קריות זול,,שום כתוש דורות 200גר,גרמים,200.00,100 גרם,false,,17.90,8.9500,true,1,23950
7290002253105,false,קוביות שום דורות 80ג,קריות זול,,קוביות שום דורות 80ג,גרמים,80.00,100 גרם,false,,12.90,16.1250,true,1,23952
7290002253150,false,קוביות בזיליקום קצוץ,קריות זול,,קוביות בזיליקום קצוץ,גרמים,70.00,100 גרם,false,,12.90,18.4286,true,1,23953
7290002253167,false,פטרוזליה קצוצה דורות,קריות זול,,פטרוזליה קצוצה דורות,גרמים,70.00,100 גרם,false,,12.90,18.4286,true,1,23954
7290002253198,false,גינגר כתוש במגשית דו,קריות זול,,גינגר כתוש במגשית דו,גרמים,70.00,100 גרם,false,,12.90,18.4286,true,1,35510
7290002255215,false,"עלי סיגר מרובע בד""צ",,,"עלי סיגר מרובע בד""צ",גרמים,500.00,100 גרם,false,,11.90,2.3800,true,1,43346
7290002259640,false,דאיימונד 30*7.60,קריות זול,,דאיימונד 30*7.60,מטרים,7.62,מטר,false,,12.90,1.6929,true,1,32647
7290002259664,false,רדיד אלומניום 30*61,קריות זול,,רדיד אלומניום 30*61,מטרים,60.00,מטר,false,,54.90,0.9150,true,1,42500
7290002319023,false,סוכר וניל מיה 10*10ג,,,סוכר וניל מיה 10*10ג,גרמים,100.00,100 גרם,false,,2.20,2.2000,true,1,52034
7290002319061,false,קוקוס טחון מיה 100 ג,,,קוקוס טחון מיה 100 ג,גרמים,100.00,100 גרם,false,,4.90,4.9000,true,1,50532
7290002319078,false,שומשום מיה 100 גר,,,שומשום מיה 100 גר,גרמים,100.00,100 גרם,false,,4.90,4.9000,true,1,50533
7290002319139,false,שעועית לבנה 500גר,,,שעועית לבנה 500גר,גרמים,500.00,100 גרם,false,,9.90,1.9800,true,1,49951
7290002319160,false,אפונה מאה 500 גר,,,אפונה מאה 500 גר,גרמים,500.00,100 גרם,false,,6.90,1.3800,true,1,49958
7290002319184,false,עדשים אדומות 500 גר,,,עדשים אדומות 500 גר,גרמים,500.00,100 גרם,false,,9.90,1.9800,true,1,49960
7290002319191,false,עדשים ירוקות 500 גר,,,עדשים ירוקות 500 גר,גרמים,500.00,100 גרם,false,,9.90,1.9800,true,1,49961
7290002319221,false,חיטה מיה 500 גר,,,חיטה מיה 500 גר,גרמים,500.00,100 גרם,false,,6.90,1.3800,true,1,49953
7290002319528,false,קמח מצה 200גר,,,קמח מצה 200גר,גרמים,200.00,100 גרם,false,,3.50,1.7500,true,1,72277
7290002319771,false,"תמצית אפיה וניל 50מ""",,,"תמצית אפיה וניל 50מ""",מיליליטרים,50.00,"100 מ""ל",false,,3.70,7.4000,true,1,52038
7290002319788,false,תמצית אפיה בטעם רום,,,תמצית אפיה בטעם רום,מיליליטרים,50.00,"100 מ""ל",false,,3.70,7.4000,true,1,52039
7290002321750,false,פילה אמנון קפוא,,,פילה אמנון קפוא,קילוגרמים,1.00,"ק""ג",true,,29.90,29.9000,true,1,46737
7290002329602,false,עוגה בחושה שוקולד עו,,,עוגה בחושה שוקולד עו,גרמים,350.00,100 גרם,false,,8.90,2.5429,true,1,100759
7290002329619,false,עוגה בחושה שוקו צ'יפ,,,עוגה בחושה שוקו צ'יפ,גרמים,350.00,100 גרם,false,,8.90,2.5429,true,1,100760
7290002329626,false,עוגה בחושה שיש עוגל',,,עוגה בחושה שיש עוגל',גרמים,350.00,100 גרם,false,,8.90,2.5429,true,1,100761
7290002329640,false,עוגת לימון 350גר,,,עוגת לימון 350גר,גרמים,350.00,100 גרם,false,,8.90,2.5429,true,1,104988
7290002329664,false,עוגה בחושה אנגלית עו,,,עוגה בחושה אנגלית עו,גרמים,350.00,100 גרם,false,,8.90,2.5429,true,1,100763
7290002329961,false,עוגת שוקוצ'ינו 350 ג,,,עוגת שוקוצ'ינו 350 ג,גרמים,350.00,100 גרם,false,,8.90,2.5429,true,1,100837
7290002331025,false,נביעות ספורט 500מל,,,נביעות ספורט 500מל,מיליליטרים,500.00,"100 מ""ל",false,,3.00,0.6000,true,1,31159
7290002331360,false,נביעות טו גו שישייה,קריות זול,,נביעות טו גו שישייה,מיליליטרים,3000.00,"100 מ""ל",false,,16.90,0.5633,true,1,27914
7290002336686,false,אסאדו עע,,,אסאדו עע,קילוגרמים,1.00,"ק""ג",true,,69.90,69.9000,true,1,113015
7290002345886,false,צלי כתף עגל,,,צלי כתף עגל,קילוגרמים,1.00,"ק""ג",true,,89.90,89.9000,true,1,134825
7290002360124,false,חליטת תה פומפדור ורד,קריות זול,,חליטת תה פומפדור ורד,גרמים,30.00,100 גרם,false,,14.90,49.6667,true,1,28368
7290002360155,false,חליטת תה פומפדור פרח,קריות זול,,חליטת תה פומפדור פרח,גרמים,40.00,100 גרם,false,,14.90,37.2500,true,1,28370
7290002360230,false,חרדל דיזון גרגרים 20,קריות זול,,חרדל דיזון גרגרים 20,גרמים,200.00,100 גרם,false,,12.90,6.4500,true,1,28373
7290002360278,false,חליטת תה פומפדור מנט,קריות זול,,חליטת תה פומפדור מנט,גרמים,45.00,100 גרם,false,,14.90,33.1111,true,1,28374
7290002360285,false,חליטת תה פומפדור קמו,קריות זול,,חליטת תה פומפדור קמו,גרמים,30.00,100 גרם,false,,14.90,49.6667,true,1,28375
7290002370130,false,גבינת ברי צרפתית במש,,,גבינת ברי צרפתית במש,קילוגרמים,1.00,"ק""ג",true,,120.00,120.0000,true,1,136257
7290002370161,false,גבינת צ'דר בשלה וילי,,,גבינת צ'דר בשלה וילי,קילוגרמים,1.00,"ק""ג",true,,99.00,99.0000,true,1,98232
7290002371533,false,סלסולי פסטרמה בדבש ט,,,סלסולי פסטרמה בדבש ט,גרמים,120.00,100 גרם,false,,15.90,13.2500,true,1,89595
7290002371571,false,פסטרמה פרגיות לבגט ט,,,פסטרמה פרגיות לבגט ט,קילוגרמים,1.00,"ק""ג",true,,89.00,89.0000,true,1,99583
7290002371939,false,סרוולד פסטרמה בסגנון,,,סרוולד פסטרמה בסגנון,גרמים,120.00,100 גרם,false,,32.90,27.4167,true,1,89596
7290002374268,false,שמן חמניות מילומור 1,קריות זול,,שמן חמניות מילומור 1,מיליליטרים,1000.00,"100 מ""ל",false,,10.90,1.0900,true,1,137350
7290002407034,false,זית סורי מבוקע 800גר,,,זית סורי מבוקע 800גר,גרמים,800.00,100 גרם,false,,19.90,2.4875,true,1,31107
7290002407102,false,זית סנטה 800גר,,,זית סנטה 800גר,גרמים,800.00,100 גרם,false,,19.90,2.4875,true,1,51666
7290002407348,false,שמן זית ג'השאן כתית,,,שמן זית ג'השאן כתית,מיליליטרים,750.00,"100 מ""ל",false,,29.90,3.9867,true,1,97538
7290002408017,false,גאודה עיזים מולן הכפ,,,גאודה עיזים מולן הכפ,קילוגרמים,1.00,"ק""ג",true,,120.00,120.0000,true,1,91463
7290002409014,false,גחנון אפוי ציפור השר,,,גחנון אפוי ציפור השר,גרמים,600.00,100 גרם,false,,19.90,3.3167,true,1,22436
7290002409038,false,בורקס גבינה 800גר,,,בורקס גבינה 800גר,גרמים,800.00,100 גרם,false,,18.90,2.3625,true,1,35567
7290002409045,false,"בורקס תפו""א 800גר",,,"בורקס תפו""א 800גר",גרמים,800.00,100 גרם,false,,18.90,2.3625,true,1,41960
7290002409076,false,גחנון בצק ציפור השרו,,,גחנון בצק ציפור השרו,גרמים,800.00,100 גרם,false,,15.90,1.9875,true,1,22437
7290002409175,false,בצק עלים 1קג,,,בצק עלים 1קג,גרמים,1000.00,100 גרם,false,,15.90,1.5900,true,1,22438
7290002409274,false,מלווח ציפור השרון 80,,,מלווח ציפור השרון 80,גרמים,800.00,100 גרם,false,,15.90,1.9875,true,1,137824
7290002409281,false,סבבה ציפור השרון 750,,,סבבה ציפור השרון 750,גרמים,750.00,100 גרם,false,,19.90,2.6533,true,1,22012
7290002447481,false,צ'אך עגל,,,צ'אך עגל,קילוגרמים,1.00,"ק""ג",true,,89.90,89.9000,true,1,51267
7290002447528,false,אווזית עגל,,,אווזית עגל,קילוגרמים,1.00,"ק""ג",true,,89.90,89.9000,true,1,51269
7290002447559,false,סינטה עגל,,,סינטה עגל,קילוגרמים,1.00,"ק""ג",true,,129.00,129.0000,true,1,51270
7290002447573,false,שייטל עגל,,,שייטל עגל,קילוגרמים,1.00,"ק""ג",true,,89.90,89.9000,true,1,51271
7290002453383,false,מרגז טלה 500גר,,,מרגז טלה 500גר,גרמים,500.00,100 גרם,false,,29.90,5.9800,true,1,90955
7290002453529,false,אנטריקוט בורגר 400גר,,,אנטריקוט בורגר 400גר,גרמים,400.00,100 גרם,false,,26.90,6.7250,true,1,46108
7290002453581,false,קבב ביתי כבש 800גר,,,קבב ביתי כבש 800גר,גרמים,800.00,100 גרם,false,,39.90,4.9875,true,1,73677
7290002453680,false,נקניקיה אסאדו ארגנטי,,,נקניקיה אסאדו ארגנטי,גרמים,500.00,100 גרם,false,,29.90,5.9800,true,1,93330
7290002453697,false,קבב אנטריקוט קצבים ע,,,קבב אנטריקוט קצבים ע,גרמים,400.00,100 גרם,false,,26.90,6.7250,true,1,93331
7290002488422,false,תמר מגהול פרימיום 60,,,תמר מגהול פרימיום 60,גרמים,600.00,100 גרם,false,,19.90,3.3167,true,1,140051
7290002511229,false,בולגרית מעודנת המושב,,,בולגרית מעודנת המושב,קילוגרמים,1.00,"ק""ג",true,,45.00,45.0000,true,1,85371
7290002511236,false,בולגרית מעודנת 5% המ,,,בולגרית מעודנת 5% המ,קילוגרמים,1.00,"ק""ג",true,,45.00,45.0000,true,1,95653
7290002511281,false,ברינזה צאן 18%  המוש,,,ברינזה צאן 18%  המוש,קילוגרמים,1.00,"ק""ג",true,,89.00,89.0000,true,1,95671
7290002511571,false,מוצרלה 22% המושבה,,,מוצרלה 22% המושבה,קילוגרמים,1.00,"ק""ג",true,,89.00,89.0000,true,1,95668
7290002515333,false,קמיל בלו סנסטיב אל ס,,,קמיל בלו סנסטיב אל ס,מיליליטרים,500.00,"100 מ""ל",false,,19.90,3.9800,true,1,68921
7290002517269,false,פלפל שחור שלם 35גר,,,פלפל שחור שלם 35גר,גרמים,35.00,100 גרם,false,,11.90,34.0000,true,1,72057
7290002517337,false,אורגנו עלים 20גר,קריות זול,,אורגנו עלים 20גר,גרמים,20.00,100 גרם,false,,7.90,39.5000,true,1,51964
7290002517375,false,בזיליקום עלים 30גר,,,בזיליקום עלים 30גר,גרמים,30.00,100 גרם,false,,7.90,26.3333,true,1,51965
7290002517580,false,תערובת תיבול לעוף 80,,,תערובת תיבול לעוף 80,גרמים,80.00,100 גרם,false,,12.90,16.1250,true,1,52012
7290002517603,false,בזיליקום 10גר,,,בזיליקום 10גר,גרמים,10.00,100 גרם,false,,6.90,69.0000,true,1,51944
7290002517634,false,תבליני כוסברה 30גר,,,תבליני כוסברה 30גר,גרמים,30.00,100 גרם,false,,6.90,23.0000,true,1,51946
7290002517726,false,מקלות קינמון 15גר,,,מקלות קינמון 15גר,גרמים,15.00,100 גרם,false,,6.90,46.0000,true,1,51959
7290002517801,false,צילי כתוש 30גר,,,צילי כתוש 30גר,גרמים,30.00,100 גרם,false,,6.90,23.0000,true,1,51961
7290002519768,false,לב עגל,,,לב עגל,קילוגרמים,1.00,"ק""ג",true,,24.90,24.9000,true,1,89856
7290002543237,false,קורנפלקס קלוגס 750 ג,קריות זול,,קורנפלקס קלוגס 750 ג,גרמים,750.00,100 גרם,false,,17.90,2.3867,true,1,28391
7290002552260,false,קרחונים ללא סוכר מאג,,,קרחונים ללא סוכר מאג,יחידה,0.00,יחידה,false,,17.90,0.0000,true,1,49864
7290002552499,false,שלגונים שרבט פרווה ת,,,שלגונים שרבט פרווה ת,יחידה,0.00,יחידה,false,,16.90,0.0000,true,1,49865
7290002552772,false,ארטיק קרח עשיריות,,,ארטיק קרח עשיריות,יחידה,0.00,יחידה,false,,10.90,0.0000,true,1,46317
7290002560036,false,רדיד אלומיניום מעוצב,,,רדיד אלומיניום מעוצב,יחידה,0.00,יחידה,false,,11.90,0.0000,true,1,120329
7290002560227,false,אשפתון גופיה 75/90 2,קריות זול,,אשפתון גופיה 75/90 2,יחידה,0.00,יחידה,false,,10.90,0.0000,true,1,96320
7290002560234,false,צלחות 9 אינץ 66יח 1ק,,,צלחות 9 אינץ 66יח 1ק,יחידה,0.00,יחידה,false,,39.90,0.0000,true,1,99898
7290002560333,false,שקיות אוכל גדולות XL,,,שקיות אוכל גדולות XL,יחידה,0.00,יחידה,false,,11.90,0.0000,true,1,99717
7290002560524,false,נייר אפייה בגליל 25,,,נייר אפייה בגליל 25,יחידה,0.00,יחידה,false,,19.90,0.0000,true,1,141089
7290002581536,false,וופל נפוליטנה ללא סו,,,וופל נפוליטנה ללא סו,גרמים,250.00,100 גרם,false,,9.90,3.9600,true,1,33293
7290002599029,false,תבלינים בשקית 80גר,,,תבלינים בשקית 80גר,גרמים,80.00,100 גרם,false,,4.70,5.8750,true,1,51931
7290002599036,false,פלפל לבן/שחור 50גר,,,פלפל לבן/שחור 50גר,גרמים,50.00,100 גרם,false,,4.70,9.4000,true,1,51932
7290002599081,false,תבלינים בשקית,,,תבלינים בשקית,יחידה,0.00,יחידה,false,,4.70,0.0000,true,1,51933
7290002599104,false,תבלינים בשקית 50גר,,,תבלינים בשקית 50גר,גרמים,50.00,100 גרם,false,,4.70,9.4000,true,1,51934
7290002599197,false,פלפל לבן/שחור 50גר,,,פלפל לבן/שחור 50גר,גרמים,50.00,100 גרם,false,,4.70,9.4000,true,1,51935
7290002627302,false,צלי כתף עגל,,,צלי כתף עגל,קילוגרמים,1.00,"ק""ג",true,,89.90,89.9000,true,1,134826
7290002627364,false,אנטריקוט עגל פריים,,,אנטריקוט עגל פריים,קילוגרמים,1.00,"ק""ג",true,,159.00,159.0000,true,1,112992
7290002627371,false,צלעות עגל,,,צלעות עגל,קילוגרמים,1.00,"ק""ג",true,,69.90,69.9000,true,1,112999
7290002627401,false,צלי כתף עגל,,,צלי כתף עגל,קילוגרמים,1.00,"ק""ג",true,,89.90,89.9000,true,1,113010
7290002627432,false,צוואר עגל,,,צוואר עגל,קילוגרמים,1.00,"ק""ג",true,,69.90,69.9000,true,1,113012
7290002628064,false,טחון בקר בלדי קפוא 5,,,טחון בקר בלדי קפוא 5,גרמים,500.00,100 גרם,false,,19.90,3.9800,true,1,49259
7290002628293,false,טחון עוף בלדי קפוא 5,,,טחון עוף בלדי קפוא 5,גרמים,1000.00,100 גרם,false,,10.90,1.0900,true,1,52172
7290002628989,false,נקניקיות מרגז בלדי 5,,,נקניקיות מרגז בלדי 5,גרמים,500.00,100 גרם,false,,25.90,5.1800,true,1,49261
7290002661115,false,לחם הולנדי 1.2קג,,,לחם הולנדי 1.2קג,גרמים,1200.00,100 גרם,false,,17.90,1.4917,true,1,135687
7290002661153,false,לחם דני קל 1 קג,,,לחם דני קל 1 קג,גרמים,1000.00,100 גרם,false,,17.90,1.7900,true,1,135688
7290002661443,false,פירורי לחם זהוב עדין,,,פירורי לחם זהוב עדין,גרמים,200.00,100 גרם,false,,4.50,2.2500,true,1,91885
7290002661474,false,פירורי לחם זהוב עם ש,,,פירורי לחם זהוב עם ש,גרמים,200.00,100 גרם,false,,4.50,2.2500,true,1,91886
7290002661535,false,פירורי לחם זהוב 1 קג,,,פירורי לחם זהוב 1 קג,גרמים,1000.00,100 גרם,false,,10.90,1.0900,true,1,103301
7290002661856,false,מיני קרוטונים מתובלי,,,מיני קרוטונים מתובלי,גרמים,350.00,100 גרם,false,,16.90,4.8286,true,1,106906
7290002692393,false,שמן קנולה מועשר עץ ה,קריות זול,,שמן קנולה מועשר עץ ה,מיליליטרים,1000.00,"100 מ""ל",false,,16.90,1.6900,true,1,28706
7290002692478,false,שמן זית כתית מעולה ע,קריות זול,,שמן זית כתית מעולה ע,מיליליטרים,750.00,"100 מ""ל",false,,34.90,4.6533,true,1,32801
7290002692768,false,תרסיס שמן קנולה מופח,,,תרסיס שמן קנולה מופח,מיליליטרים,200.00,"100 מ""ל",false,,17.90,8.9500,true,1,46442
7290002692775,false,תרסיס שמן קנולה בטעם,,,תרסיס שמן קנולה בטעם,מיליליטרים,200.00,"100 מ""ל",false,,17.90,8.9500,true,1,99089
7290002692782,false,תרסיס שמן זית עץ הזי,,,תרסיס שמן זית עץ הזי,מיליליטרים,200.00,"100 מ""ל",false,,17.90,8.9500,true,1,46444
7290002730521,false,צמרוני אוזניים בקופס,קריות זול,,צמרוני אוזניים בקופס,יח',200.00,יח',false,,6.50,0.0325,true,1,35616
7290002735007,false,בצק עלים ינון 1קג,,,בצק עלים ינון 1קג,גרמים,1000.00,100 גרם,false,,16.90,1.6900,true,1,20132
7290002735014,false,מלווח ארוז ינון 800ג,,,מלווח ארוז ינון 800ג,גרמים,800.00,100 גרם,false,,14.90,1.8625,true,1,20133
7290002735021,false,גחנון ארוז ינון 750ג,,,גחנון ארוז ינון 750ג,גרמים,750.00,100 גרם,false,,14.90,1.9867,true,1,20134
7290002735113,false,בורקס גבינה ינון 800,,,בורקס גבינה ינון 800,גרמים,800.00,100 גרם,false,,16.90,2.1125,true,1,20135
7290002735274,false,גחנון אפוי ינון 600ג,,,גחנון אפוי ינון 600ג,גרמים,600.00,100 גרם,false,,17.90,2.9833,true,1,20138
7290002752332,false,מנטוס גליל פירות בוד,קריות זול,,מנטוס גליל פירות בוד,גרמים,37.50,100 גרם,false,,3.90,10.4000,true,1,32011
7290002752349,false,מנטוס גליל מנטה בודד,קריות זול,,מנטוס גליל מנטה בודד,גרמים,37.50,100 גרם,false,,3.90,10.4000,true,1,32012
7290002753223,false,טיקטק תפוז רביעייה 4,קריות זול,,טיקטק תפוז רביעייה 4,גרמים,64.00,100 גרם,false,,11.90,18.5938,true,1,32016
7290002753995,false,ערכת קישוטי עוגה 150,קריות זול,,ערכת קישוטי עוגה 150,גרמים,150.00,100 גרם,false,,18.90,12.6000,true,1,32017
7290002768043,false,תיאדנט מי פה סנו 150,,,תיאדנט מי פה סנו 150,מיליליטרים,150.00,"100 מ""ל",false,,15.90,10.6000,true,1,79642
7290002768074,false,דרמופון סבון ללא סבו,קריות זול,,דרמופון סבון ללא סבו,מיליליטרים,1000.00,"100 מ""ל",false,,19.90,1.9900,true,1,35620
7290002769316,false,עוגת קראנץ 500 גרם,,,עוגת קראנץ 500 גרם,גרמים,500.00,100 גרם,false,,16.90,3.3800,true,1,105927
7290002769347,false,עוגיות מובחרות 500 ג,,,עוגיות מובחרות 500 ג,גרמים,500.00,100 גרם,false,,16.90,3.3800,true,1,118092
7290002769675,false,מאפינס ללא סוכר 450,,,מאפינס ללא סוכר 450,גרמים,450.00,100 גרם,false,,16.90,3.7556,true,1,120467
7290002814016,false,מסיר שומנים סנט מורי,,,מסיר שומנים סנט מורי,מיליליטרים,750.00,"100 מ""ל",false,,15.90,2.1200,true,1,22237
7290002814023,false,אסלונית לניקוי אסלות,,,אסלונית לניקוי אסלות,מיליליטרים,750.00,"100 מ""ל",false,,7.90,1.0533,true,1,50690
7290002814290,false,קצף אקונומיקה מרוכז,,,קצף אקונומיקה מרוכז,מיליליטרים,1000.00,"100 מ""ל",false,,12.90,1.2900,true,1,120221
7290002814528,false,נוזל אסלות מס'1 1ליט,,,נוזל אסלות מס'1 1ליט,מיליליטרים,1000.00,"100 מ""ל",false,,6.90,0.6900,true,1,22241
7290002814580,false,טורנדו גרגרים לפתיחת,,,טורנדו גרגרים לפתיחת,גרמים,200.00,100 גרם,false,,11.90,5.9500,true,1,97251
7290002814597,false,טורנדו נוזל לפתיחת ס,,,טורנדו נוזל לפתיחת ס,ליטרים,1000.00,ליטר,false,,15.90,0.0159,true,1,97253
7290002814603,false,מסיר שומנים סנט מורי,,,מסיר שומנים סנט מורי,מיליליטרים,750.00,"100 מ""ל",false,,15.90,2.1200,true,1,95072
7290002814719,false,נוזל רצפות בניחוח מא,,,נוזל רצפות בניחוח מא,מיליליטרים,4000.00,"100 מ""ל",false,,12.90,0.3225,true,1,141209
7290002814825,false,כדוריות לאסלה אוקיינ,,,כדוריות לאסלה אוקיינ,יחידה,0.00,יחידה,false,,9.90,0.0000,true,1,120582
7290002814870,false,מסיר שומנים סנט מורי,,,מסיר שומנים סנט מורי,מיליליטרים,750.00,"100 מ""ל",false,,15.90,2.1200,true,1,99857
7290002814900,false,כדוריות לאסלה לימון,,,כדוריות לאסלה לימון,יחידה,0.00,יחידה,false,,9.90,0.0000,true,1,120581
7290002814931,false,נוזל רצפות 4 ליטר סנ,,,נוזל רצפות 4 ליטר סנ,ליטרים,4.00,ליטר,false,,12.90,3.2250,true,1,97255
7290002824183,false,גבינה לבנה סקי 5% 50,קריות זול,,גבינה לבנה סקי 5% 50,גרמים,500.00,100 גרם,false,,9.96,1.9920,true,1,30602
7290002824466,false,דנונה יוגורט ביו 0%,קריות זול,,דנונה יוגורט ביו 0%,גרמים,200.00,100 גרם,false,,3.80,1.9000,true,1,30603
7290002824640,false,גבינה לבנה סקי 5% שט,קריות זול,,גבינה לבנה סקי 5% שט,גרמים,250.00,100 גרם,false,,4.98,1.9920,true,1,30605
7290002825722,false,כרוב אדום אחלה 500גר,קריות זול,,כרוב אדום אחלה 500גר,גרמים,500.00,100 גרם,false,,14.90,2.9800,true,1,30608
7290002842002,false,שבולת שועל אנגלי מור,,,שבולת שועל אנגלי מור,גרמים,500.00,100 גרם,false,,10.90,2.1800,true,1,29343
7290002868996,false,קוטג מועשר 5% 250גר,קריות זול,,קוטג מועשר 5% 250גר,גרמים,250.00,100 גרם,false,,5.90,2.3600,true,1,33362
7290002881025,false,מעדן דובדבן חמוץ סן,קריות זול,,מעדן דובדבן חמוץ סן,גרמים,282.00,100 גרם,false,,12.90,4.5745,true,1,22643
7290002881063,false,מעדן תפוז סן מורנו 2,קריות זול,,מעדן תפוז סן מורנו 2,גרמים,282.00,100 גרם,false,,12.90,4.5745,true,1,101059
7290002881209,false,"רסק תפו""ע דיאט 720גר",קריות זול,,"רסק תפו""ע דיאט 720גר",גרמים,720.00,100 גרם,false,,10.90,1.5139,true,1,22652
7290002881216,false,"רסק תפו""ע לסכרתיים 7",קריות זול,,"רסק תפו""ע לסכרתיים 7",גרמים,700.00,100 גרם,false,,10.90,1.5571,true,1,22653
7290002881513,false,חמאת בוטנים עם שברי,,,חמאת בוטנים עם שברי,גרמים,510.00,100 גרם,false,,10.90,2.1373,true,1,22665
7290002881612,false,לפתן דובדבנים חמוצים,,,לפתן דובדבנים חמוצים,גרמים,680.00,100 גרם,false,,9.90,1.4559,true,1,99811
7290002881735,false,לבבות דקל שלמים תומר,,,לבבות דקל שלמים תומר,גרמים,400.00,100 גרם,false,,13.90,3.4750,true,1,22668
7290002881872,false,פטריות חתוכות תומר 2,,,פטריות חתוכות תומר 2,גרמים,290.00,100 גרם,false,,4.90,1.6897,true,1,65717
7290002900313,false,פסטרמה בסגנון ספרדי,,,פסטרמה בסגנון ספרדי,קילוגרמים,1.00,"ק""ג",true,,89.00,89.0000,true,1,99594
7290002904694,false,טיטניום ספריי 180מל,קריות זול,,טיטניום ספריי 180מל,מיליליטרים,180.00,"100 מ""ל",false,,18.90,10.5000,true,1,40051
7290002909569,false,פילה ברבוניה קפוא 40,,,פילה ברבוניה קפוא 40,גרמים,400.00,100 גרם,false,,24.90,6.2250,true,1,111894
7290002909576,false,בשר טחון לקציצות ולק,,,בשר טחון לקציצות ולק,גרמים,500.00,100 גרם,false,,19.90,3.9800,true,1,74531
7290002909804,false,*מבצע* מרלוזה פילה ל,,,*מבצע* מרלוזה פילה ל,קילוגרמים,1.00,"ק""ג",true,,29.90,29.9000,true,1,89230
7290002927044,false,צלי כתף מס' 5 קפוא,,,צלי כתף מס' 5 קפוא,קילוגרמים,1.00,"ק""ג",true,,44.90,44.9000,true,1,46118
7290002927105,false,צלי עגל ברשת קפוא,,,צלי עגל ברשת קפוא,קילוגרמים,1.00,"ק""ג",true,,39.90,39.9000,true,1,46121
7290002927358,false,סטיק אנטריקוט 800גר,,,סטיק אנטריקוט 800גר,גרמים,800.00,100 גרם,false,,39.90,4.9875,true,1,102908
7290002927464,false,גולש עגל קפוא,,,גולש עגל קפוא,קילוגרמים,1.00,"ק""ג",true,,34.90,34.9000,true,1,46126
7290002927631,false,טחון הודו קפוא 500 ג,,,טחון הודו קפוא 500 ג,גרמים,500.00,100 גרם,false,,12.90,2.5800,true,1,107826
7290003009183,false,סירופ דיאט תפוחים פר,קריות זול,,סירופ דיאט תפוחים פר,מיליליטרים,750.00,"100 מ""ל",false,,24.90,3.3200,true,1,27929
7290003009596,false,סירופ דיאט אשכולית פ,קריות זול,,סירופ דיאט אשכולית פ,מיליליטרים,750.00,"100 מ""ל",false,,24.90,3.3200,true,1,27937
7290003011087,false,אורז בסמטי אלפנט 1קג,,,אורז בסמטי אלפנט 1קג,גרמים,1000.00,100 גרם,false,,12.90,1.2900,true,1,65662
7290003026029,false,קמיל בלו סנסטיב שמפו,,,קמיל בלו סנסטיב שמפו,מיליליטרים,500.00,"100 מ""ל",false,,19.90,3.9800,true,1,68922
7290003026227,false,קמיל בלו סנסיטיב שמפ,,,קמיל בלו סנסיטיב שמפ,מיליליטרים,1000.00,"100 מ""ל",false,,33.90,3.3900,true,1,52053
7290003026319,false,*מבצע* משחה לתינוק ק,,,*מבצע* משחה לתינוק ק,גרמים,120.00,100 גרם,false,,17.90,14.9167,true,1,52054
7290003029181,false,שוקו יטבתה בקבוק 1ל,קריות זול,,שוקו יטבתה בקבוק 1ל,מיליליטרים,1000.00,"100 מ""ל",false,,11.90,1.1900,true,1,30617
7290003029372,false,משקה חלב בננה יטבתה,קריות זול,,משקה חלב בננה יטבתה,מיליליטרים,1000.00,"100 מ""ל",false,,11.90,1.1900,true,1,30622
7290003029433,false,שוקו יטבתה 250מל,קריות זול,,שוקו יטבתה 250מל,מיליליטרים,250.00,"100 מ""ל",false,,5.90,2.3600,true,1,30626
7290003029532,false,משקה מוקה יטבתה 1ליט,קריות זול,,משקה מוקה יטבתה 1ליט,מיליליטרים,1000.00,"100 מ""ל",false,,11.90,1.1900,true,1,30630
7290003029792,false,שוקו שקיות יטבתה 8*2,קריות זול,,שוקו שקיות יטבתה 8*2,מיליליטרים,1800.00,"100 מ""ל",false,,21.90,1.2167,true,1,30638
7290003029907,false,אייס קפה יטבתה 1ל,קריות זול,,אייס קפה יטבתה 1ל,מיליליטרים,1000.00,"100 מ""ל",false,,11.90,1.1900,true,1,30645
7290003047642,false,ליפטון תה יילו לייבל,קריות זול,,ליפטון תה יילו לייבל,גרמים,150.00,100 גרם,false,,14.90,9.9333,true,1,26593
7290003054657,false,חרדל דיזון אקסטרא פו,קריות זול,,חרדל דיזון אקסטרא פו,גרמים,370.00,100 גרם,false,,12.90,3.4865,true,1,22458
7290003060009,false,קמח בהיר בשקיות 1קג,,,קמח בהיר בשקיות 1קג,גרמים,1000.00,100 גרם,false,,6.50,0.6500,true,1,70936
7290003072972,false,קבנוס בתיבול שום 120,,,קבנוס בתיבול שום 120,גרמים,120.00,100 גרם,false,,11.90,9.9167,true,1,128990
7290003126712,false,יוגורט עיזים בגביע 3,,,יוגורט עיזים בגביע 3,מיליליטרים,150.00,"100 מ""ל",false,,6.30,4.2000,true,1,44203
7290003126958,false,טופו בואקום צוריאל 3,קריות זול,,טופו בואקום צוריאל 3,גרמים,300.00,100 גרם,false,,12.60,4.2000,true,1,101171
7290003143276,false,מרשמלו רול יוגטה 180,,,מרשמלו רול יוגטה 180,גרמים,180.00,100 גרם,false,,7.90,4.3889,true,1,69548
7290003189045,false,הולנדית כפיר,,,הולנדית כפיר,קילוגרמים,1.00,"ק""ג",true,,29.00,29.0000,true,1,22150
7290003189076,false,כפיר פיצרלה מגורדת 5,,,כפיר פיצרלה מגורדת 5,גרמים,500.00,100 גרם,false,,17.90,3.5800,true,1,21029
7290003189168,false,מעושנת כפיר,,,מעושנת כפיר,קילוגרמים,1.00,"ק""ג",true,,39.00,39.0000,true,1,138718
7290003189199,false,חריפה במשקל כפיר,,,חריפה במשקל כפיר,קילוגרמים,1.00,"ק""ג",true,,29.00,29.0000,true,1,22152
7290003189274,false,מעושנת כפיר,,,מעושנת כפיר,קילוגרמים,1.00,"ק""ג",true,,39.00,39.0000,true,1,22154
7290003189380,false,צהובה עם שום שמיר כפ,,,צהובה עם שום שמיר כפ,קילוגרמים,1.00,"ק""ג",true,,29.00,29.0000,true,1,22156
7290003212965,false,מובחרות שמרים 400 גר,,,מובחרות שמרים 400 גר,גרמים,400.00,100 גרם,false,,11.90,2.9750,true,1,86901
7290003217014,false,פיתות מיזרחיות 5*100,קריות זול,,פיתות מיזרחיות 5*100,גרמים,500.00,100 גרם,false,,5.90,1.1800,true,1,135643
7290003217052,false,פיתות כפריות קלות 5*,קריות זול,,פיתות כפריות קלות 5*,גרמים,500.00,100 גרם,false,,9.90,1.9800,true,1,135644
7290003222049,false,פיתה ביס קמח מלא 12,,,פיתה ביס קמח מלא 12,יחידה,0.00,יחידה,false,,10.90,0.0000,true,1,135591
7290003222094,false,פיתה ביס 11 יח',,,פיתה ביס 11 יח',יחידה,0.00,יחידה,false,,10.90,0.0000,true,1,135592
7290003222568,false,פיתה רגילה 5 יח,,,פיתה רגילה 5 יח,גרמים,500.00,100 גרם,false,,5.90,1.1800,true,1,135594
7290003222797,false,פיתה כוסמין מלא 100%,,,פיתה כוסמין מלא 100%,יחידה,0.00,יחידה,false,,12.90,0.0000,true,1,135597
7290003224036,false,אוכמניות כחולות קפוא,,,אוכמניות כחולות קפוא,גרמים,300.00,100 גרם,false,,19.90,6.6333,true,1,48776
7290003224128,false,"כיסוני תפו""א 800גר",,,"כיסוני תפו""א 800גר",גרמים,800.00,100 גרם,false,,19.90,2.4875,true,1,41607
7290003224142,false,"בלינצס תפו""א+ פטריות",,,"בלינצס תפו""א+ פטריות",גרמים,700.00,100 גרם,false,,19.90,2.8429,true,1,46532
7290003224173,false,בלינצס  פטריות,,,בלינצס  פטריות,גרמים,700.00,100 גרם,false,,19.90,2.8429,true,1,46534
7290003224388,false,חמוציות קפוא 300גר,,,חמוציות קפוא 300גר,גרמים,300.00,100 גרם,false,,14.90,4.9667,true,1,48777
7290003224463,false,כיסונים אוקרינסקי מא,,,כיסונים אוקרינסקי מא,גרמים,1000.00,100 גרם,false,,29.90,2.9900,true,1,101497
7290003224470,false,כיסונים בשר קייבסקי,,,כיסונים בשר קייבסקי,גרמים,1000.00,100 גרם,false,,29.90,2.9900,true,1,101498
7290003224654,false,מיקס פירות יער קפוא,,,מיקס פירות יער קפוא,גרמים,300.00,100 גרם,false,,14.90,4.9667,true,1,41120
7290003224746,false,דומדמניות שחורות קפו,,,דומדמניות שחורות קפו,גרמים,300.00,100 גרם,false,,14.90,4.9667,true,1,43397
7290003229109,false,פסטרמה הודו בפפריקה,,,פסטרמה הודו בפפריקה,גרמים,400.00,100 גרם,false,,28.90,7.2250,true,1,84382
7290003229116,false,פסטרמה בדבש טירת צבי,,,פסטרמה בדבש טירת צבי,גרמים,400.00,100 גרם,false,,28.90,7.2250,true,1,89597
7290003229123,false,פסטרמה על גחלים טירת,,,פסטרמה על גחלים טירת,גרמים,400.00,100 גרם,false,,28.90,7.2250,true,1,89598
7290003229147,false,סלמי בסגנון איטלקי ט,,,סלמי בסגנון איטלקי ט,גרמים,300.00,100 גרם,false,,28.90,9.6333,true,1,89599
7290003229154,false,סלמי קוניאק טירת צבי,,,סלמי קוניאק טירת צבי,גרמים,300.00,100 גרם,false,,28.90,9.6333,true,1,89600
7290003268030,false,חלה רגילה 500גר,,,חלה רגילה 500גר,גרמים,500.00,100 גרם,false,,5.17,1.0340,true,1,101420
7290003268245,false,*מבצע* חלה מתוקה ארו,,,*מבצע* חלה מתוקה ארו,יחידה,0.00,יחידה,false,,12.90,0.0000,true,1,135645
7290003268252,false,*מבצע* לחם חיטה מלאה,,,*מבצע* לחם חיטה מלאה,גרמים,750.00,100 גרם,false,,14.90,1.9867,true,1,135646
7290003268627,false,חלה מתוקה ברמן,,,חלה מתוקה ברמן,גרמים,500.00,100 גרם,false,,8.90,1.7800,true,1,47092
7290003268641,false,חאלע חלה מתוקה מיוחד,,,חאלע חלה מתוקה מיוחד,יחידה,0.00,יחידה,false,,14.90,0.0000,true,1,135604
7290003268764,false,חלה רגילה 500גר,,,חלה רגילה 500גר,גרמים,500.00,100 גרם,false,,5.17,1.0340,true,1,135650
7290003287253,false,נקניקיות מרגז בלדי 5,,,נקניקיות מרגז בלדי 5,גרמים,500.00,100 גרם,false,,29.90,5.9800,true,1,63545
7290003287284,false,קבב ביתי ארוז 600גר,,,קבב ביתי ארוז 600גר,גרמים,600.00,100 גרם,false,,29.90,4.9833,true,1,63555
7290003287291,false,קבב טלה וצנובר 600גר,,,קבב טלה וצנובר 600גר,גרמים,600.00,100 גרם,false,,29.90,4.9833,true,1,63556
7290003287307,false,קבב רומני ארוז 600גר,,,קבב רומני ארוז 600גר,גרמים,600.00,100 גרם,false,,29.90,4.9833,true,1,63557
7290003287796,false,סינטה עגל,,,סינטה עגל,קילוגרמים,1.00,"ק""ג",true,,129.00,129.0000,true,1,136358
7290003318100,false,וופל טעם שוקו מנעמים,קריות זול,,וופל טעם שוקו מנעמים,גרמים,200.00,100 גרם,false,,4.90,2.4500,true,1,31111
7290003318131,false,וופל אגוז מנעמים 200,,,וופל אגוז מנעמים 200,גרמים,200.00,100 גרם,false,,4.90,2.4500,true,1,50399
7290003318155,false,וופל טעם לימון מנעמי,קריות זול,,וופל טעם לימון מנעמי,גרמים,200.00,100 גרם,false,,4.90,2.4500,true,1,46169
7290003318599,false,וופל וניל מנעמים 200,,,וופל וניל מנעמים 200,גרמים,200.00,100 גרם,false,,4.90,2.4500,true,1,46669
7290003321155,false,דנונה בר פקאן 183גר,קריות זול,,דנונה בר פקאן 183גר,גרמים,183.00,100 גרם,false,,4.80,2.6230,true,1,30648
7290003321292,false,גבינה לבנה סקי 9% שט,קריות זול,,גבינה לבנה סקי 9% שט,גרמים,250.00,100 גרם,false,,4.90,1.9600,true,1,30649
7290003332007,false,קפה נחלה סובחי 250גר,,,קפה נחלה סובחי 250גר,גרמים,250.00,100 גרם,false,,15.90,6.3600,true,1,56931
7290003332045,false,קפה נחלה סובחי 250גר,,,קפה נחלה סובחי 250גר,גרמים,250.00,100 גרם,false,,15.90,6.3600,true,1,56932
7290003387205,false,ספיד סטיק ירוק לגבר,קריות זול,,ספיד סטיק ירוק לגבר,גרמים,56.00,100 גרם,false,,21.90,39.1071,true,1,35824
7290003411313,false,הנמל מפה מבד לא ארוג,קריות זול,,הנמל מפה מבד לא ארוג,גרמים,100.00,100 גרם,false,,7.90,7.9000,true,1,31849
7290003411832,false,גרנולה אגוזים ובונדו,,,גרנולה אגוזים ובונדו,גרמים,400.00,100 גרם,false,,13.50,3.3750,true,1,31859
7290003411948,false,צמר גפן הנמל 100גרם,,,צמר גפן הנמל 100גרם,גרמים,100.00,100 גרם,false,,4.90,4.9000,true,1,31864
7290003411993,false,גפרורים 10יח הנמל,,,גפרורים 10יח הנמל,יח',10.00,יח',false,,2.90,0.2900,true,1,31865
7290003414406,false,נטיפי אפייה מקרם בוט,,,נטיפי אפייה מקרם בוט,גרמים,283.00,100 גרם,false,,15.90,5.6184,true,1,76624
7290003423909,false,הרשי קוקיס קרם לבן 4,,,הרשי קוקיס קרם לבן 4,גרמים,43.00,100 גרם,false,,4.90,11.3953,true,1,139139
7290003438006,false,פסטו איטלקי אוליביה,קריות זול,,פסטו איטלקי אוליביה,גרמים,180.00,100 גרם,false,,14.90,8.2778,true,1,32655
7290003438013,false,ממרח זיתים אוליביה 1,קריות זול,,ממרח זיתים אוליביה 1,גרמים,190.00,100 גרם,false,,14.90,7.8421,true,1,32656
7290003438020,false,ממרח עגבניות מיובשות,קריות זול,,ממרח עגבניות מיובשות,גרמים,190.00,100 גרם,false,,14.90,7.8421,true,1,32657
7290003438709,false,ממרח זיתים שחורים או,קריות זול,,ממרח זיתים שחורים או,גרמים,190.00,100 גרם,false,,14.90,7.8421,true,1,32659
7290003438853,false,אריסה חריפה 185 גרם,,,אריסה חריפה 185 גרם,גרמים,185.00,100 גרם,false,,14.90,8.0541,true,1,73489
7290003444009,false,חטיף ריזס במילוי חמא,,,חטיף ריזס במילוי חמא,גרמים,42.00,100 גרם,false,,4.90,11.6667,true,1,101310
7290003450602,false,חרדל אמיתי צהוב בקבו,קריות זול,,חרדל אמיתי צהוב בקבו,גרמים,255.00,100 גרם,false,,12.90,5.0588,true,1,25116
7290003457991,false,קורנטו קלאסיק בטעם ו,קריות זול,,קורנטו קלאסיק בטעם ו,גרמים,300.00,100 גרם,false,,37.90,12.6333,true,1,28869
7290003570164,false,שווארמה פרגית מינוט,,,שווארמה פרגית מינוט,גרמים,300.00,100 גרם,false,,31.90,10.6333,true,1,97137
7290003570928,false,קבב בלדי קצביה ארוז,,,קבב בלדי קצביה ארוז,גרמים,500.00,100 גרם,false,,29.90,5.9800,true,1,96586
7290003578078,false,קוקטיל טרופי ויליפוד,קריות זול,,קוקטיל טרופי ויליפוד,גרמים,850.00,100 גרם,false,,9.90,1.1647,true,1,138700
7290003578108,false,אננס חתיכות ויליפוד,קריות זול,,אננס חתיכות ויליפוד,גרמים,850.00,100 גרם,false,,9.90,1.1647,true,1,35876
7290003578177,false,תירס גמדי ויליפוד 41,קריות זול,,תירס גמדי ויליפוד 41,גרמים,410.00,100 גרם,false,,8.90,2.1707,true,1,24663
7290003578313,false,דובדבנים חמוצים ללא,קריות זול,,דובדבנים חמוצים ללא,גרמים,680.00,100 גרם,false,,10.90,1.6029,true,1,24665
7290003598311,false,*מבצע* סטייק מינוט 3,,,*מבצע* סטייק מינוט 3,גרמים,300.00,100 גרם,false,,30.00,10.0000,true,1,94771
7290003643004,false,אורז בסמטי סוגת 1קג,קריות זול,,אורז בסמטי סוגת 1קג,גרמים,1000.00,100 גרם,false,,14.90,1.4900,true,1,32169
7290003643325,false,קוסקוס בינוני סוגת 3,קריות זול,,קוסקוס בינוני סוגת 3,גרמים,350.00,100 גרם,false,,6.90,1.9714,true,1,65423
7290003643387,false,סוכר לבן בצנצנת סוגת,קריות זול,,סוכר לבן בצנצנת סוגת,גרמים,1000.00,100 גרם,false,,8.50,0.8500,true,1,32178
7290003643646,false,סוכר דמררה בצנצנת סו,קריות זול,,סוכר דמררה בצנצנת סו,גרמים,1000.00,100 גרם,false,,13.90,1.3900,true,1,22689
7290003643684,false,אפונה סוגת 500גר,קריות זול,,אפונה סוגת 500גר,גרמים,500.00,100 גרם,false,,6.90,1.3800,true,1,32181
7290003643707,false,גריסים סוגת 500גר,קריות זול,,גריסים סוגת 500גר,גרמים,500.00,100 גרם,false,,6.90,1.3800,true,1,32183
7290003643714,false,חומוס סוגת 500גר,קריות זול,,חומוס סוגת 500גר,גרמים,500.00,100 גרם,false,,8.90,1.7800,true,1,32184
7290003643738,false,חיטה סוגת 500 גר,קריות זול,,חיטה סוגת 500 גר,גרמים,500.00,100 גרם,false,,6.90,1.3800,true,1,32185
7290003643745,false,כוסמת סוגת 500גר,קריות זול,,כוסמת סוגת 500גר,גרמים,500.00,100 גרם,false,,8.90,1.7800,true,1,32186
7290003643752,false,עדשים ירוקים סוגת 50,קריות זול,,עדשים ירוקים סוגת 50,גרמים,500.00,100 גרם,false,,9.90,1.9800,true,1,32187
7290003643769,false,עדשים אדומים סוגת 50,קריות זול,,עדשים אדומים סוגת 50,גרמים,500.00,100 גרם,false,,9.90,1.9800,true,1,32188
7290003643776,false,פופקורן סוגת 500 גר,קריות זול,,פופקורן סוגת 500 גר,גרמים,500.00,100 גרם,false,,6.90,1.3800,true,1,32806
7290003643783,false,קוקוס סוגת 100 גר,קריות זול,,קוקוס סוגת 100 גר,גרמים,100.00,100 גרם,false,,4.90,4.9000,true,1,32189
7290003643806,false,שעועית לבנה סוגת 500,קריות זול,,שעועית לבנה סוגת 500,גרמים,500.00,100 גרם,false,,10.90,2.1800,true,1,32190
7290003643813,false,שעועית אדומה סוגת 50,קריות זול,,שעועית אדומה סוגת 50,גרמים,500.00,100 גרם,false,,10.90,2.1800,true,1,32191
7290003643820,false,חומוס ענק סוגת 500גר,,,חומוס ענק סוגת 500גר,גרמים,500.00,100 גרם,false,,12.90,2.5800,true,1,32192
7290003681334,false,קוקוס מיה 400גרם,,,קוקוס מיה 400גרם,גרמים,400.00,100 גרם,false,,12.90,3.2250,true,1,50537
7290003681532,false,דובדבנים מסוכרים 80,,,דובדבנים מסוכרים 80,גרמים,80.00,100 גרם,false,,8.50,10.6250,true,1,52042
7290003681693,false,חומוס לבן ענק 500גר,,,חומוס לבן ענק 500גר,גרמים,500.00,100 גרם,false,,11.90,2.3800,true,1,49955
7290003718627,false,פול ירוק קפוא 400גר,,,פול ירוק קפוא 400גר,גרמים,400.00,100 גרם,false,,10.90,2.7250,true,1,92057
7290003719259,false,לחם טיבעי ליבו 1קג,קריות זול,,לחם טיבעי ליבו 1קג,גרמים,1000.00,100 גרם,false,,17.50,1.7500,true,1,135697
7290003726615,false,טופו ויילר 300גר,,,טופו ויילר 300גר,גרמים,300.00,100 גרם,false,,12.90,4.3000,true,1,100365
7290003804252,false,תיבולית הודי קנור 72,קריות זול,,תיבולית הודי קנור 72,גרמים,72.00,100 גרם,false,,10.90,15.1389,true,1,26626
7290003804320,false,תיבולית קנור שום פטר,קריות זול,,תיבולית קנור שום פטר,גרמים,72.00,100 גרם,false,,10.90,15.1389,true,1,26627
7290003804368,false,תיבולית קנור בזיליקו,קריות זול,,תיבולית קנור בזיליקו,גרמים,72.00,100 גרם,false,,10.90,15.1389,true,1,26630
7290003804382,false,תיבולית קנור פטריות,קריות זול,,תיבולית קנור פטריות,גרמים,72.00,100 גרם,false,,10.90,15.1389,true,1,26632
7290003805501,false,פתית שבדי 300גר,קריות זול,,פתית שבדי 300גר,גרמים,300.00,100 גרם,false,,18.90,6.3000,true,1,35915
7290003805587,false,פתית חיטה מלאה בדצ 2,קריות זול,,פתית חיטה מלאה בדצ 2,גרמים,250.00,100 גרם,false,,18.90,7.5600,true,1,35917
7290003807178,false,רוטב סויה בסגנון סינ,קריות זול,,רוטב סויה בסגנון סינ,מיליליטרים,300.00,"100 מ""ל",false,,14.90,4.9667,true,1,38741
7290003882922,false,עלי גפן ממולא 400 גר,קריות זול,,עלי גפן ממולא 400 גר,גרמים,400.00,100 גרם,false,,9.90,2.4750,true,1,24676
7290003903788,false,קפוצינו וניל עלית 20,קריות זול,,קפוצינו וניל עלית 20,גרמים,200.00,100 גרם,false,,25.90,12.9500,true,1,27252
7290003976348,false,נוזל חיטוי רב תכליתי,,,נוזל חיטוי רב תכליתי,מיליליטרים,750.00,"מ""ל",false,,9.90,0.0132,true,1,113335
7290003976508,false,נוזל לניקוי אסלות 1ל,,,נוזל לניקוי אסלות 1ל,מיליליטרים,1000.00,"100 מ""ל",false,,7.90,0.7900,true,1,57094
7290003976614,false,אקונומיקה סמיכה טאצ',,,אקונומיקה סמיכה טאצ',ליטרים,4000.00,ליטר,false,,10.90,0.0027,true,1,120878
7290003989539,false,רביולי גבינה שטראוס,קריות זול,,רביולי גבינה שטראוס,גרמים,400.00,100 גרם,false,,21.90,5.4750,true,1,30653
7290004014407,false,אמ&אמס פינאטבאטר 46ג,,,אמ&אמס פינאטבאטר 46ג,גרמים,46.00,100 גרם,false,,4.90,10.6522,true,1,75417
7290004033705,false,לחמניות המבורגר ביג,קריות זול,,לחמניות המבורגר ביג,גרמים,600.00,100 גרם,false,,15.90,2.6500,true,1,136428
7290004033712,false,לחם עננים מקמח מלא 7,קריות זול,,לחם עננים מקמח מלא 7,גרמים,750.00,100 גרם,false,,16.90,2.2533,true,1,136426
7290004033729,false,לחם עננים כוסמין 750,קריות זול,,לחם עננים כוסמין 750,גרמים,750.00,100 גרם,false,,16.90,2.2533,true,1,136427
7290004033736,false,לחם עננים סגנון בריו,,,לחם עננים סגנון בריו,גרמים,500.00,100 גרם,false,,16.90,3.3800,true,1,137821
7290004033811,false,לחם מיוחד ללא גלוטן,,,לחם מיוחד ללא גלוטן,גרמים,320.00,100 גרם,false,,16.90,5.2812,true,1,136420
7290004061449,false,שניצל אמרקאי 700גר,,,שניצל אמרקאי 700גר,גרמים,700.00,100 גרם,false,,11.90,1.7000,true,1,19837
7290004061463,false,שניצל עוף אמיתי שומש,,,שניצל עוף אמיתי שומש,גרמים,700.00,100 גרם,false,,29.90,4.2714,true,1,35950
7290004061487,false,טבעות עוף 700גר,,,טבעות עוף 700גר,גרמים,700.00,100 גרם,false,,16.90,2.4143,true,1,19838
7290004061494,false,נגיסי עוף 700גר,,,נגיסי עוף 700גר,גרמים,700.00,100 גרם,false,,16.90,2.4143,true,1,19839
7290004063016,false,מלח שולחן 1קג,קריות זול,,מלח שולחן 1קג,גרמים,1000.00,100 גרם,false,,2.07,0.2070,true,1,22691
7290004063115,false,מלח למליחות בשר וביש,קריות זול,,מלח למליחות בשר וביש,גרמים,1000.00,100 גרם,false,,2.07,0.2070,true,1,22692
7290004064174,false,מלח ההימלאיה דק בצנצ,,,מלח ההימלאיה דק בצנצ,גרמים,1000.00,100 גרם,false,,19.90,1.9900,true,1,94655
7290004064181,false,מלח ההימלאיה גס בצנצ,,,מלח ההימלאיה גס בצנצ,גרמים,1000.00,100 גרם,false,,19.90,1.9900,true,1,94656
7290004064280,false,מלח מופחת נתרן צנצנת,,,מלח מופחת נתרן צנצנת,גרמים,600.00,100 גרם,false,,19.90,3.3167,true,1,120832
7290004068011,false,יוגורט כבשים 5% מחלב,,,יוגורט כבשים 5% מחלב,גרמים,600.00,100 גרם,false,,18.90,3.1500,true,1,65608
7290004068028,false,משקה יוגורט צזיקי 3.,,,משקה יוגורט צזיקי 3.,מיליליטרים,500.00,"100 מ""ל",false,,10.50,2.1000,true,1,67455
7290004068172,false,יוגורט עיזים דלי 5%,,,יוגורט עיזים דלי 5%,גרמים,600.00,100 גרם,false,,18.90,3.1500,true,1,70845
7290004078270,false,פלמוליב לכלים לימון,קריות זול,,פלמוליב לכלים לימון,מיליליטרים,1000.00,"100 מ""ל",false,,14.90,1.4900,true,1,28420
7290004078690,false,אגקס נוזל לניקוי אסל,קריות זול,,אגקס נוזל לניקוי אסל,מיליליטרים,750.00,"100 מ""ל",false,,16.90,2.2533,true,1,28424
7290004078942,false,ליידי ספיד סטיק 24/7,קריות זול,,ליידי ספיד סטיק 24/7,גרמים,65.00,100 גרם,false,,21.90,33.6923,true,1,28427
7290004119225,false,יופלה אננס 3% 150גר,קריות זול,,יופלה אננס 3% 150גר,גרמים,150.00,100 גרם,false,,5.00,3.3333,true,1,29358
7290004119928,false,קרלו וניל 1.5% 125גר,קריות זול,,קרלו וניל 1.5% 125גר,גרמים,125.00,100 גרם,false,,2.90,2.3200,true,1,29365
7290004119973,false,קרלו שוקולדה 1.5% 12,קריות זול,,קרלו שוקולדה 1.5% 12,גרמים,125.00,100 גרם,false,,2.90,2.3200,true,1,29366
7290004120108,false,יופלה דיאט דובדבן 0%,קריות זול,,יופלה דיאט דובדבן 0%,גרמים,150.00,100 גרם,false,,5.00,3.3333,true,1,29369
7290004120566,false,בולגרית 24% פיראוס,קריות זול,,בולגרית 24% פיראוס,גרמים,250.00,100 גרם,false,,23.90,9.5600,true,1,29383
7290004120573,false,בולגרית בקר 16% פירא,קריות זול,,בולגרית בקר 16% פירא,גרמים,250.00,100 גרם,false,,23.90,9.5600,true,1,29384
7290004120634,false,בולגרית 5% 250גר פיר,קריות זול,,בולגרית 5% 250גר פיר,גרמים,250.00,100 גרם,false,,23.90,9.5600,true,1,29385
7290004121488,false,יופלה דיאט אפרסק 0%,קריות זול,,יופלה דיאט אפרסק 0%,גרמים,150.00,100 גרם,false,,5.00,3.3333,true,1,29394
7290004121525,false,יופלה אפרסק תות 3% 8,קריות זול,,יופלה אפרסק תות 3% 8,מיליליטרים,1200.00,"100 מ""ל",false,,31.70,2.6417,true,1,29396
7290004121754,false,יופלה קרם גבינה ותות,קריות זול,,יופלה קרם גבינה ותות,גרמים,150.00,100 גרם,false,,5.00,3.3333,true,1,29404
7290004121839,false,פטה כבשים 20% פיראוס,קריות זול,,פטה כבשים 20% פיראוס,גרמים,250.00,100 גרם,false,,27.50,11.0000,true,1,29405
7290004121853,false,בולגרית בקוביות 5%פי,קריות זול,,בולגרית בקוביות 5%פי,גרמים,200.00,100 גרם,false,,21.50,10.7500,true,1,29406
7290004122119,false,פתיתי פרמזן לפסטה 10,קריות זול,,פתיתי פרמזן לפסטה 10,גרמים,100.00,100 גרם,false,,12.90,12.9000,true,1,29410
7290004122195,false,גבינה גוש חלב פרוס 2,קריות זול,,גבינה גוש חלב פרוס 2,גרמים,200.00,100 גרם,false,,14.90,7.4500,true,1,29411
7290004122270,false,עמק פרוס סגירה חוזרת,קריות זול,,עמק פרוס סגירה חוזרת,גרמים,200.00,100 גרם,false,,16.70,8.3500,true,1,29412
7290004122348,false,עמק לייט 9% 200גר,קריות זול,,עמק לייט 9% 200גר,גרמים,200.00,100 גרם,false,,17.90,8.9500,true,1,29414
7290004122607,false,עמק לייט חריץ 9% תנו,,,עמק לייט חריץ 9% תנו,קילוגרמים,1.00,"ק""ג",true,,74.00,74.0000,true,1,39480
7290004122676,false,גבינת חמד לייט גביע,קריות זול,,גבינת חמד לייט גביע,גרמים,250.00,100 גרם,false,,18.50,7.4000,true,1,29420
7290004122683,false,עמק אצבעות גבינה 172,קריות זול,,עמק אצבעות גבינה 172,גרמים,172.00,100 גרם,false,,16.90,9.8256,true,1,39037
7290004124205,false,יופלה דיאט תות 0% 15,קריות זול,,יופלה דיאט תות 0% 15,גרמים,150.00,100 גרם,false,,5.00,3.3333,true,1,29445
7290004124847,false,קצפת צמחית 24% 500מל,קריות זול,,קצפת צמחית 24% 500מל,מיליליטרים,500.00,"100 מ""ל",false,,15.90,3.1800,true,1,29451
7290004125400,false,אשל 200 מל,קריות זול,,אשל 200 מל,מיליליטרים,200.00,"100 מ""ל",false,,1.69,0.8450,true,1,29459
7290004125417,false,"גיל 200 מ""ל",קריות זול,,"גיל 200 מ""ל",מיליליטרים,200.00,"100 מ""ל",false,,1.51,0.7550,true,1,29460
7290004125455,false,שמנת אורגינל מהדרין,קריות זול,,שמנת אורגינל מהדרין,מיליליטרים,200.00,"100 מ""ל",false,,2.40,1.2000,true,1,29461
7290004125509,false,שמנת חצי מנה 15% תנו,קריות זול,,שמנת חצי מנה 15% תנו,מיליליטרים,100.00,"100 מ""ל",false,,2.10,2.1000,true,1,29463
7290004125578,false,משקה סויה מועשר בסיד,קריות זול,,משקה סויה מועשר בסיד,מיליליטרים,1000.00,"100 מ""ל",false,,10.90,1.0900,true,1,29464
7290004125585,false,משקה סויה על הבוקר ת,קריות זול,,משקה סויה על הבוקר ת,מיליליטרים,1000.00,"100 מ""ל",false,,10.90,1.0900,true,1,29465
7290004125721,false,שמנת לבישול 15% 250מ,קריות זול,,שמנת לבישול 15% 250מ,מיליליטרים,250.00,"100 מ""ל",false,,8.90,3.5600,true,1,29474
7290004125738,false,שמנת להקצפה 32% 250מ,קריות זול,,שמנת להקצפה 32% 250מ,מיליליטרים,250.00,"100 מ""ל",false,,6.80,2.7200,true,1,29475
7290004125776,false,עמק פרוסות 28% 400גר,קריות זול,,עמק פרוסות 28% 400גר,גרמים,400.00,100 גרם,false,,29.90,7.4750,true,1,29477
7290004126674,false,עמק טל לייט 9% 200גר,קריות זול,,עמק טל לייט 9% 200גר,גרמים,200.00,100 גרם,false,,19.70,9.8500,true,1,29491
7290004126759,false,יופלה דיאט פירות יער,קריות זול,,יופלה דיאט פירות יער,גרמים,150.00,100 גרם,false,,5.00,3.3333,true,1,29495
7290004126872,false,שוקו תנובה בקבוק 250,קריות זול,,שוקו תנובה בקבוק 250,מיליליטרים,250.00,"100 מ""ל",false,,5.70,2.2800,true,1,29496
7290004127329,false,קוטג 5% 250גר תנובה,קריות זול,,קוטג 5% 250גר תנובה,גרמים,250.00,100 גרם,false,,5.90,2.3600,true,1,29499
7290004127336,false,קוטג 9% 250גר תנובה,קריות זול,,קוטג 9% 250גר תנובה,גרמים,250.00,100 גרם,false,,5.90,2.3600,true,1,29500
7290004127800,false,גבינה לבנה 5% 500גר,קריות זול,,גבינה לבנה 5% 500גר,גרמים,500.00,100 גרם,false,,9.96,1.9920,true,1,29504
7290004127817,false,גבינה לבנה %9 500גר,קריות זול,,גבינה לבנה %9 500גר,גרמים,500.00,100 גרם,false,,9.80,1.9600,true,1,29505
7290004127862,false,גבינה לבנה 5% 750גרם,קריות זול,,גבינה לבנה 5% 750גרם,גרמים,750.00,100 גרם,false,,14.94,1.9920,true,1,29506
7290004128333,false,לאבנה גביע %9 500גר,קריות זול,,לאבנה גביע %9 500גר,גרמים,500.00,100 גרם,false,,19.90,3.9800,true,1,29518
7290004128364,false,גבינת שמנת בטעם זיתי,קריות זול,,גבינת שמנת בטעם זיתי,גרמים,200.00,100 גרם,false,,11.70,5.8500,true,1,29520
7290004128432,false,פתיתי גבינה מותכת הש,,,פתיתי גבינה מותכת הש,גרמים,500.00,100 גרם,false,,23.70,4.7400,true,1,43040
7290004129101,false,גבינת נפוליאון בטעם,קריות זול,,גבינת נפוליאון בטעם,גרמים,225.00,100 גרם,false,,14.10,6.2667,true,1,29535
7290004129118,false,גבינת נפוליאון בטעם,קריות זול,,גבינת נפוליאון בטעם,גרמים,225.00,100 גרם,false,,14.10,6.2667,true,1,29536
7290004129156,false,גבינת נפוליאון שום ש,קריות זול,,גבינת נפוליאון שום ש,גרמים,225.00,100 גרם,false,,14.10,6.2667,true,1,29537
7290004129767,false,יופלה לבן מאגדת שמינ,קריות זול,,יופלה לבן מאגדת שמינ,גרמים,1200.00,100 גרם,false,,18.00,1.5000,true,1,29557
7290004130794,false,משקה סויה מועשר 1 לי,קריות זול,,משקה סויה מועשר 1 לי,מיליליטרים,1000.00,"100 מ""ל",false,,10.90,1.0900,true,1,29568
7290004130916,false,יופלה בטעם פירות יער,קריות זול,,יופלה בטעם פירות יער,גרמים,150.00,100 גרם,false,,5.00,3.3333,true,1,29572
7290004131074,false,חלב בקרטון מהדרין תנ,קריות זול,,חלב בקרטון מהדרין תנ,מיליליטרים,1000.00,"100 מ""ל",false,,6.23,0.6230,true,1,29579
7290004131432,false,יופלה לבן 3% 200מל,קריות זול,,יופלה לבן 3% 200מל,מיליליטרים,200.00,"100 מ""ל",false,,3.90,1.9500,true,1,29587
7290004131456,false,יופלה לבן 1.5% 200מל,קריות זול,,יופלה לבן 1.5% 200מל,מיליליטרים,200.00,"100 מ""ל",false,,3.90,1.9500,true,1,29588
7290004131814,false,צפתית מעודנת 5% 200ג,קריות זול,,צפתית מעודנת 5% 200ג,גרמים,200.00,100 גרם,false,,15.30,7.6500,true,1,29603
7290004132552,false,משקה סויה דיאט וניל,קריות זול,,משקה סויה דיאט וניל,מיליליטרים,1000.00,"100 מ""ל",false,,10.90,1.0900,true,1,29613
7290004132712,false,עמק אצבעות מוצרלה 20,קריות זול,,עמק אצבעות מוצרלה 20,גרמים,172.00,100 גרם,false,,16.90,9.8256,true,1,29620
7290004133511,false,יופלה לבן מאגדת שמינ,קריות זול,,יופלה לבן מאגדת שמינ,גרמים,1200.00,100 גרם,false,,20.90,1.7417,true,1,29630
7290004135225,false,מעדן תנובה דיאט שוקו,קריות זול,,מעדן תנובה דיאט שוקו,מיליליטרים,150.00,"100 מ""ל",false,,4.10,2.7333,true,1,29657
7290004135614,false,בולגרית מעודנת בקר פ,קריות זול,,בולגרית מעודנת בקר פ,גרמים,250.00,100 גרם,false,,23.70,9.4800,true,1,40470
7290004136598,false,הפסקת אוכל חלב ודגני,קריות זול,,הפסקת אוכל חלב ודגני,מיליליטרים,150.00,"100 מ""ל",false,,9.50,6.3333,true,1,39401
7290004136857,false,ג'לי תנובה פטל 125גר,קריות זול,,ג'לי תנובה פטל 125גר,גרמים,125.00,100 גרם,false,,2.60,2.0800,true,1,39199
7290004136864,false,ג'לי תנובה אננס עם ח,קריות זול,,ג'לי תנובה אננס עם ח,גרמים,125.00,100 גרם,false,,2.90,2.3200,true,1,39190
7290004136871,false,ג'לי תנובה אפרסק עם,קריות זול,,ג'לי תנובה אפרסק עם,גרמים,125.00,100 גרם,false,,2.90,2.3200,true,1,39191
7290004137021,false,שמנת לבישול 10% 250מ,,,שמנת לבישול 10% 250מ,מיליליטרים,250.00,"100 מ""ל",false,,8.90,3.5600,true,1,42945
7290004137311,false,עמק לייט משפחתית 9%,,,עמק לייט משפחתית 9%,גרמים,400.00,100 גרם,false,,31.90,7.9750,true,1,42083
7290004137809,false,לאבנה 5% 250גר פיראו,,,לאבנה 5% 250גר פיראו,גרמים,250.00,100 גרם,false,,13.30,5.3200,true,1,42933
7290004165000,false,"רסק תפו""ע עם סוכר 56",,,"רסק תפו""ע עם סוכר 56",גרמים,560.00,100 גרם,false,,9.90,1.7679,true,1,52304
7290004165017,false,"רסק תפו""ע ללא סוכר 5",,,"רסק תפו""ע ללא סוכר 5",גרמים,560.00,100 גרם,false,,9.90,1.7679,true,1,52306
7290004200077,false,שקית פרסים 2,,,שקית פרסים 2,יחידה,0.00,יחידה,false,,7.90,0.0000,true,1,69240
7290004200930,false,זיקוק עבה 2 בשקית,,,זיקוק עבה 2 בשקית,יחידה,0.00,יחידה,false,,8.90,0.0000,true,1,28680
7290004219819,false,מלבין קפה קומפלטה 20,קריות זול,,מלבין קפה קומפלטה 20,גרמים,200.00,100 גרם,false,,11.90,5.9500,true,1,24679
7290004239893,false,דנוור סטייק,,,דנוור סטייק,קילוגרמים,1.00,"ק""ג",true,,99.00,99.0000,true,1,136900
7290004255305,false,נר נשמה בכוס פלסטיק,,,נר נשמה בכוס פלסטיק,יחידה,0.00,יחידה,false,,10.90,0.0000,true,1,136899
7290004255428,false,נר נשמה מנורה פחית 2,,,נר נשמה מנורה פחית 2,יחידה,0.00,יחידה,false,,1.90,0.0000,true,1,112950
7290004267759,false,עוגיות מפנקות במילוי,,,עוגיות מפנקות במילוי,גרמים,180.00,100 גרם,false,,6.70,3.7222,true,1,92666
7290004456283,false,אנטריקוט עגל פריים,,,אנטריקוט עגל פריים,קילוגרמים,1.00,"ק""ג",true,,159.00,159.0000,true,1,128768
7290004492274,false,בייגלה גל גל 400גר,קריות זול,,בייגלה גל גל 400גר,גרמים,400.00,100 גרם,false,,10.90,2.7250,true,1,26697
7290004492762,false,נשנושים תירס 325גר,קריות זול,,נשנושים תירס 325גר,גרמים,325.00,100 גרם,false,,14.50,4.4615,true,1,26710
7290004532024,false,חמניה קלוף טבעי 200ג,,,חמניה קלוף טבעי 200ג,גרמים,200.00,100 גרם,false,,5.90,2.9500,true,1,41432
7290004532031,false,שקד קלוי 200גר,,,שקד קלוי 200גר,גרמים,200.00,100 גרם,false,,19.90,9.9500,true,1,41433
7290004532048,false,גרעין לבן 200גר,,,גרעין לבן 200גר,גרמים,200.00,100 גרם,false,,8.90,4.4500,true,1,41434
7290004532062,false,גרעיני אבטיח 200גר,,,גרעיני אבטיח 200גר,גרמים,200.00,100 גרם,false,,13.90,6.9500,true,1,41435
7290004532086,false,קשיו 200גר,,,קשיו 200גר,גרמים,200.00,100 גרם,false,,17.90,8.9500,true,1,41436
7290004532093,false,בוטנים בקליפה 250גר,,,בוטנים בקליפה 250גר,גרמים,250.00,100 גרם,false,,7.90,3.1600,true,1,41437
7290004532123,false,פיסטוק חלבי 200גר,,,פיסטוק חלבי 200גר,גרמים,200.00,100 גרם,false,,19.90,9.9500,true,1,41440
7290004532130,false,בוטן אמריקאי 200גר,,,בוטן אמריקאי 200גר,גרמים,200.00,100 גרם,false,,4.90,2.4500,true,1,41441
7290004532369,false,חטיף מנצס 180גר,,,חטיף מנצס 180גר,גרמים,180.00,100 גרם,false,,8.90,4.9444,true,1,41451
7290004532383,false,פקאן טבעי במגש 200גר,,,פקאן טבעי במגש 200גר,גרמים,200.00,100 גרם,false,,25.90,12.9500,true,1,45786
7290004532390,false,אגוזי מלך בשקית 200ג,,,אגוזי מלך בשקית 200ג,גרמים,200.00,100 גרם,false,,17.90,8.9500,true,1,41452
7290004532444,false,שקד טבעי 200גרם,,,שקד טבעי 200גרם,גרמים,200.00,100 גרם,false,,19.90,9.9500,true,1,41453
7290004532574,false,גרעין שחור 200גר,,,גרעין שחור 200גר,גרמים,200.00,100 גרם,false,,5.90,2.9500,true,1,41455
7290004575007,false,טילונים ריאו חמישייה,,,טילונים ריאו חמישייה,יחידה,0.00,יחידה,false,,15.90,0.0000,true,1,44916
7290004575069,false,חטיפי גלידה מיניס בט,,,חטיפי גלידה מיניס בט,גרמים,700.00,100 גרם,false,,34.90,4.9857,true,1,41369
7290004575229,false,גלידה סנקור 5יח,,,גלידה סנקור 5יח,גרמים,500.00,100 גרם,false,,17.90,3.5800,true,1,75352
7290004575335,false,שלגונים מיני מגי'ק 8,,,שלגונים מיני מגי'ק 8,יחידה,0.00,יחידה,false,,17.90,0.0000,true,1,44917
7290004575373,false,שלגונים מצופים 6יח,,,שלגונים מצופים 6יח,יחידה,0.00,יחידה,false,,15.90,0.0000,true,1,46318
7290004575397,false,גלידה טריו חלבי/ילדו,,,גלידה טריו חלבי/ילדו,מיליליטרים,1800.00,"100 מ""ל",false,,15.90,0.8833,true,1,41374
7290004575502,false,שלגונים גלי גל חלבי,,,שלגונים גלי גל חלבי,יח',8.00,יח',false,,14.90,1.8625,true,1,101573
7290004575632,false,קרמבו ריאו 16יח,,,קרמבו ריאו 16יח,יחידה,0.00,יחידה,false,,22.90,0.0000,true,1,41376
7290004584306,false,גמדים תות בננה 4*100,קריות זול,,גמדים תות בננה 4*100,גרמים,400.00,100 גרם,false,,11.60,2.9000,true,1,30667
7290004584351,false,גבינת סימפוניה טעם ט,קריות זול,,גבינת סימפוניה טעם ט,גרמים,200.00,100 גרם,false,,11.80,5.9000,true,1,30668
7290004584528,false,דנונה ביו 1.5% 200גר,קריות זול,,דנונה ביו 1.5% 200גר,גרמים,200.00,100 גרם,false,,3.80,1.9000,true,1,30670
7290004586171,false,תירוש אדום 650מל כרמ,,,תירוש אדום 650מל כרמ,מיליליטרים,650.00,"100 מ""ל",false,,13.90,2.1385,true,1,111895
7290004649869,false,דג אמנון בינוני נקי,,,דג אמנון בינוני נקי,קילוגרמים,1.00,"ק""ג",true,,29.90,29.9000,true,1,71454
7290004649982,false,דניס טרי,,,דניס טרי,קילוגרמים,1.00,"ק""ג",true,,69.90,69.9000,true,1,71710
7290004658953,false,יין סובניון בלאן לבן,קריות זול,,יין סובניון בלאן לבן,מיליליטרים,750.00,"100 מ""ל",false,,39.90,5.3200,true,1,19732
7290004658960,false,יין אמרלד ריזלינג לב,קריות זול,,יין אמרלד ריזלינג לב,מיליליטרים,750.00,"100 מ""ל",false,,39.90,5.3200,true,1,19733
7290004685010,false,לחם הארץ שיפון פלוס,,,לחם הארץ שיפון פלוס,גרמים,500.00,100 גרם,false,,16.90,3.3800,true,1,135699
7290004685027,false,לחם הארץ חיטה מלאה פ,,,לחם הארץ חיטה מלאה פ,גרמים,500.00,100 גרם,false,,16.90,3.3800,true,1,135700
7290004685089,false,לחם הארץ חמניות 500ג,,,לחם הארץ חמניות 500ג,גרמים,500.00,100 גרם,false,,16.90,3.3800,true,1,135702
7290004685126,false,לחם הארץ פומפרניקל 7,,,לחם הארץ פומפרניקל 7,גרמים,750.00,100 גרם,false,,16.90,2.2533,true,1,135703
7290004685157,false,לחם הארץ שיפון 100%,,,לחם הארץ שיפון 100%,גרמים,750.00,100 גרם,false,,16.90,2.2533,true,1,135704
7290004685201,false,לחם הארץ אגוזים 500ג,,,לחם הארץ אגוזים 500ג,גרמים,500.00,100 גרם,false,,16.90,3.3800,true,1,135706
7290004685225,false,לחם הארץ פומפרניקל 7,,,לחם הארץ פומפרניקל 7,גרמים,750.00,100 גרם,false,,16.90,2.2533,true,1,135707
7290004685430,false,לחם הארץ כוסמין 100%,,,לחם הארץ כוסמין 100%,גרמים,500.00,100 גרם,false,,16.90,3.3800,true,1,135712
7290004685447,false,לחמניות כוסמין 6יח ש,,,לחמניות כוסמין 6יח ש,גרמים,450.00,100 גרם,false,,13.90,3.0889,true,1,135713
7290004685454,false,לחם הארץ שיבולת שועל,,,לחם הארץ שיבולת שועל,גרמים,500.00,100 גרם,false,,16.90,3.3800,true,1,135714
7290004725846,false,גאודה חריץ במשקל תנו,,,גאודה חריץ במשקל תנו,קילוגרמים,1.00,"ק""ג",true,,85.00,85.0000,true,1,136181
7290004731083,false,כיף אלסבון ג'נסנג 1ל,,,כיף אלסבון ג'נסנג 1ל,מיליליטרים,1000.00,"100 מ""ל",false,,13.90,1.3900,true,1,39512
7290004731090,false,כיף אלסבון קמומיל 1,,,כיף אלסבון קמומיל 1,מיליליטרים,1000.00,"100 מ""ל",false,,13.90,1.3900,true,1,39513
7290004731472,false,כיף אל סבון שלישיה צ,קריות זול,,כיף אל סבון שלישיה צ,מיליליטרים,1500.00,"100 מ""ל",false,,21.90,1.4600,true,1,36151
7290004737900,false,חלב מרוכז ממותק 397,קריות זול,,חלב מרוכז ממותק 397,גרמים,397.00,100 גרם,false,,11.90,2.9975,true,1,24686
7290004861063,false,גבינת קש 9% המושבה,,,גבינת קש 9% המושבה,קילוגרמים,1.00,"ק""ג",true,,45.00,45.0000,true,1,95661
7290004861070,false,צפתית 24% קשה מושבה,,,צפתית 24% קשה מושבה,קילוגרמים,1.00,"ק""ג",true,,75.00,75.0000,true,1,103139
7290004861360,false,צפתית 5%  המושבה,,,צפתית 5%  המושבה,קילוגרמים,1.00,"ק""ג",true,,49.00,49.0000,true,1,95664
7290004861407,false,מוצרלה גוניור המושבה,,,מוצרלה גוניור המושבה,קילוגרמים,1.00,"ק""ג",true,,79.00,79.0000,true,1,95669
7290004944032,false,חומוס אסלי 400 גרם,,,חומוס אסלי 400 גרם,גרמים,400.00,100 גרם,false,,14.90,3.7250,true,1,74277
7290004944049,false,טחינה אסלי 400גר,,,טחינה אסלי 400גר,גרמים,400.00,100 גרם,false,,14.90,3.7250,true,1,74278
7290004944056,false,חציל במיונז אסלי 400,,,חציל במיונז אסלי 400,גרמים,400.00,100 גרם,false,,14.90,3.7250,true,1,74279
7290004944063,false,תורכי אסלי 400גר,,,תורכי אסלי 400גר,גרמים,400.00,100 גרם,false,,14.90,3.7250,true,1,74280
7290005008481,false,ספיד סטיק ג'ל ספורט,,,ספיד סטיק ג'ל ספורט,מיליליטרים,85.00,"100 מ""ל",false,,21.90,25.7647,true,1,28436
7290005020162,false,וויסקי בלנטיינס 700,,,וויסקי בלנטיינס 700,מיליליטרים,700.00,"100 מ""ל",false,,89.90,12.8429,true,1,39351
7290005068058,false,תירס קל מופחת קלוריו,קריות זול,,תירס קל מופחת קלוריו,גרמים,550.00,100 גרם,false,,8.90,1.6182,true,1,27713
7290005068447,false,תירס קל בוואקום 340ג,קריות זול,,תירס קל בוואקום 340ג,גרמים,340.00,100 גרם,false,,8.90,2.6176,true,1,27715
7290005068492,false,לקט ירקות מעורבים 70,קריות זול,,לקט ירקות מעורבים 70,גרמים,700.00,100 גרם,false,,10.90,1.5571,true,1,36265
7290005068553,false,לקט ירקות בורגנדי 70,קריות זול,,לקט ירקות בורגנדי 70,גרמים,700.00,100 גרם,false,,10.90,1.5571,true,1,27716
7290005084355,false,סנסודיין משחת שיניים,,,סנסודיין משחת שיניים,מיליליטרים,75.00,"100 מ""ל",false,,21.90,29.2000,true,1,54838
7290005111761,false,בונזו בשר 3קג,קריות זול,,בונזו בשר 3קג,קילוגרמים,3.00,"ק""ג",false,,54.90,18.3000,true,1,25122
7290005113222,false,זיתים מיקס יבנה 340,,,זיתים מיקס יבנה 340,גרמים,340.00,100 גרם,false,,10.90,3.2059,true,1,42754
7290005174513,false,חציל במיונז אחלה 500,קריות זול,,חציל במיונז אחלה 500,גרמים,500.00,100 גרם,false,,15.90,3.1800,true,1,30678
7290005174551,false,סלט חומוס אחלה 125גר,קריות זול,,סלט חומוס אחלה 125גר,גרמים,125.00,100 גרם,false,,5.50,4.4000,true,1,30679
7290005174575,false,סלט טחינה אחלה 125גר,קריות זול,,סלט טחינה אחלה 125גר,גרמים,125.00,100 גרם,false,,5.60,4.4800,true,1,30681
7290005197758,false,עוגיות חיוכים שוקו 1,קריות זול,,עוגיות חיוכים שוקו 1,גרמים,150.00,100 גרם,false,,5.20,3.4667,true,1,27262
7290005200786,false,תפוציפס שמנת ובצל 50,קריות זול,,תפוציפס שמנת ובצל 50,גרמים,50.00,100 גרם,false,,4.20,8.4000,true,1,27056
7290005201455,false,*מבצע* קפה נמס ארומה,קריות זול,,*מבצע* קפה נמס ארומה,גרמים,200.00,100 גרם,false,,15.90,7.9500,true,1,106216
7290005270000,false,עלי סיגר 500גר,,,עלי סיגר 500גר,גרמים,500.00,100 גרם,false,,16.90,3.3800,true,1,20181
7290005287206,false,טונה סטארקיסט בשמן 4,קריות זול,,טונה סטארקיסט בשמן 4,גרמים,640.00,100 גרם,false,,25.90,4.0469,true,1,25125
7290005287251,false,טונה סטארקיסט במים 4,קריות זול,,טונה סטארקיסט במים 4,גרמים,640.00,100 גרם,false,,25.90,4.0469,true,1,36306
7290005287534,false,טונה סטארקיסט בשמן ע,קריות זול,,טונה סטארקיסט בשמן ע,גרמים,160.00,100 גרם,false,,7.90,4.9375,true,1,39915
7290005287657,false,ממרח טונה סטארקיסט 1,,,ממרח טונה סטארקיסט 1,גרמים,160.00,100 גרם,false,,7.90,4.9375,true,1,44119
7290005296246,false,כלורקס פותח סתימות 9,,,כלורקס פותח סתימות 9,מיליליטרים,946.00,"100 מ""ל",false,,29.90,3.1607,true,1,26851
7290005317125,false,ביסקוויט חצי מצופה 1,קריות זול,,ביסקוויט חצי מצופה 1,גרמים,175.00,100 גרם,false,,6.50,3.7143,true,1,20379
7290005317200,false,קרקר טופז מלח 110גר,קריות זול,,קרקר טופז מלח 110גר,גרמים,110.00,100 גרם,false,,3.90,3.5455,true,1,24063
7290005384851,false,מיץ לימון ויליפוד 20,קריות זול,,מיץ לימון ויליפוד 20,מיליליטרים,200.00,"100 מ""ל",false,,4.90,2.4500,true,1,97176
7290005384899,false,פטינה ויליפוד,,,פטינה ויליפוד,קילוגרמים,1.00,"ק""ג",true,,39.00,39.0000,true,1,24611
7290005387043,false,צלעות מס' 2 חלק קפוא,,,צלעות מס' 2 חלק קפוא,קילוגרמים,1.00,"ק""ג",true,,39.90,39.9000,true,1,138797
7290005423253,false,סנו מקסימה למייבש או,קריות זול,,סנו מקסימה למייבש או,מיליליטרים,750.00,"100 מ""ל",false,,19.90,2.6533,true,1,25831
7290005423499,false,סנו נירוסטה אירוסול,קריות זול,,סנו נירוסטה אירוסול,מיליליטרים,475.00,"100 מ""ל",false,,22.90,4.8211,true,1,25842
7290005423567,false,סנו סושי בגליל 40יח,קריות זול,,סנו סושי בגליל 40יח,יחידה,0.00,יחידה,false,,22.90,0.0000,true,1,105320
7290005423833,false,פוליויקס פרקט 2ליטר,קריות זול,,פוליויקס פרקט 2ליטר,ליטרים,2.00,ליטר,false,,23.90,11.9500,true,1,25850
7290005424403,false,כיף אל סבון אצות ים,,,כיף אל סבון אצות ים,מיליליטרים,1000.00,"100 מ""ל",false,,13.90,1.3900,true,1,25857
7290005424755,false,ריצפז פלוס מטליות לח,,,ריצפז פלוס מטליות לח,יח',10.00,יח',false,,16.90,1.6900,true,1,99473
7290005424847,false,מפיות סנו סושי 150יח,,,מפיות סנו סושי 150יח,יחידה,0.00,יחידה,false,,7.90,0.0000,true,1,25871
7290005425646,false,סנוקליר לניקוי חלונו,קריות זול,,סנוקליר לניקוי חלונו,מיליליטרים,1000.00,"100 מ""ל",false,,10.90,1.0900,true,1,25888
7290005426186,false,סנו סושי סקוטש ענק 3,קריות זול,,סנו סושי סקוטש ענק 3,יחידה,0.00,יחידה,false,,15.90,0.0000,true,1,55212
7290005426193,false,סנו סושי ספוג הפלא 6,קריות זול,,סנו סושי ספוג הפלא 6,יחידה,0.00,יחידה,false,,11.90,0.0000,true,1,25903
7290005427107,false,סנו סושי מגבות הפלא,קריות זול,,סנו סושי מגבות הפלא,יח',6.00,יח',false,,11.90,1.9833,true,1,26930
7290005427725,false,מגבוני ליטופים מבושם,,,מגבוני ליטופים מבושם,יח',5.00,יח',false,,21.90,4.3800,true,1,105335
7290005428852,false,סנו סופט מגבוני טישו,,,סנו סופט מגבוני טישו,גרמים,650.00,100 גרם,false,,15.90,2.4462,true,1,36375
7290005429279,false,סנו מקסימה אבקת כביס,,,סנו מקסימה אבקת כביס,קילוגרמים,6.00,"ק""ג",false,,49.90,8.3167,true,1,36379
7290005429286,false,סנו מקסימה ביו אבקת,,,סנו מקסימה ביו אבקת,קילוגרמים,6.00,"ק""ג",false,,49.90,8.3167,true,1,36380
7290005430602,false,סנו אוקסיגן מסיר כתמ,קריות זול,,סנו אוקסיגן מסיר כתמ,מיליליטרים,750.00,"100 מ""ל",false,,18.90,2.5200,true,1,26004
7290005431883,false,מלבי חלבי 165 גרם,,,מלבי חלבי 165 גרם,גרמים,165.00,100 גרם,false,,6.90,4.1818,true,1,112258
7290005431890,false,בוואריה 95 גרם,,,בוואריה 95 גרם,גרמים,95.00,100 גרם,false,,6.90,7.2632,true,1,112255
7290005431906,false,קדאיף 82 גרם,,,קדאיף 82 גרם,גרמים,92.00,100 גרם,false,,6.90,7.5000,true,1,112259
7290005431913,false,עוגת גבינה פירורים 9,,,עוגת גבינה פירורים 9,גרמים,92.00,100 גרם,false,,6.90,7.5000,true,1,112260
7290005431920,false,עוגת גבינה פירורים ל,,,עוגת גבינה פירורים ל,גרמים,165.00,100 גרם,false,,6.90,4.1818,true,1,112261
7290005431937,false,טירמיסו 82 גרם,,,טירמיסו 82 גרם,גרמים,82.00,100 גרם,false,,6.90,8.4146,true,1,112256
7290005431968,false,מלבי שמנת 150 גרם,,,מלבי שמנת 150 גרם,גרמים,150.00,100 גרם,false,,7.50,5.0000,true,1,120436
7290005437540,false,פטריות חתוכות טעמן 2,,,פטריות חתוכות טעמן 2,גרמים,290.00,100 גרם,false,,4.90,1.6897,true,1,68335
7290005437762,false,פסטה ספירלה טעמן 500,,,פסטה ספירלה טעמן 500,גרמים,500.00,100 גרם,false,,4.90,0.9800,true,1,101365
7290005437861,false,קוקטייל פירות טרופיי,,,קוקטייל פירות טרופיי,גרמים,825.00,100 גרם,false,,13.90,1.6848,true,1,70868
7290005500688,false,מסיכה לשיער פנינה רו,,,מסיכה לשיער פנינה רו,גרמים,1000.00,100 גרם,false,,29.90,2.9900,true,1,106267
7290005559587,false,מאפה נקניקיות מעדנות,קריות זול,,מאפה נקניקיות מעדנות,גרמים,800.00,100 גרם,false,,29.90,3.7375,true,1,28817
7290005559709,false,בורקס פיצה מעדנות 70,קריות זול,,בורקס פיצה מעדנות 70,גרמים,700.00,100 גרם,false,,27.90,3.9857,true,1,28820
7290005559907,false,*מבצע* פיצה משפחתית,קריות זול,,*מבצע* פיצה משפחתית,גרמים,500.00,100 גרם,false,,15.90,3.1800,true,1,28824
7290005559914,false,*מבצע* פיצה משפחתית,קריות זול,,*מבצע* פיצה משפחתית,גרמים,550.00,100 גרם,false,,15.90,2.8909,true,1,28825
7290005559990,false,בצק פילאס תורכי מעדנ,קריות זול,,בצק פילאס תורכי מעדנ,גרמים,600.00,100 גרם,false,,22.90,3.8167,true,1,28831
7290005591761,false,דבש טהור מפרחי בר בל,קריות זול,,דבש טהור מפרחי בר בל,גרמים,400.00,100 גרם,false,,19.90,4.9750,true,1,27281
7290005609121,false,פילה סלמון טרי,,,פילה סלמון טרי,קילוגרמים,1.00,"ק""ג",true,,99.00,99.0000,true,1,72039
7290005609152,false,בורי בינוני נקי טרי,,,בורי בינוני נקי טרי,קילוגרמים,1.00,"ק""ג",true,,44.90,44.9000,true,1,71709
7290005609343,false,קרפיון טרי,,,קרפיון טרי,קילוגרמים,1.00,"ק""ג",true,,34.90,34.9000,true,1,72296
7290005610127,false,"תפו""א גורמה דוד משה",,,"תפו""א גורמה דוד משה",קילוגרמים,1.00,"ק""ג",true,,5.90,5.9000,true,1,98439
7290005610509,false,צנוניות יח,,,צנוניות יח,יחידה,0.00,יחידה,false,,4.90,0.0000,true,1,94361
7290005651427,false,בונזו מולטי פק 3*400,קריות זול,,בונזו מולטי פק 3*400,גרמים,1200.00,100 גרם,false,,23.90,1.9917,true,1,25137
7290005658464,false,עוגיות מובחרות עד 35,,,עוגיות מובחרות עד 35,גרמים,350.00,100 גרם,false,,12.90,3.6857,true,1,51891
7290005689369,false,סינטה עגל,,,סינטה עגל,קילוגרמים,1.00,"ק""ג",true,,129.00,129.0000,true,1,140348
7290005719783,false,סוכריות שוקולד 200 ג,קריות זול,,סוכריות שוקולד 200 ג,גרמים,200.00,100 גרם,false,,8.90,4.4500,true,1,134938
7290005838002,false,דניאלה מעדן גבינה 15,קריות זול,,דניאלה מעדן גבינה 15,מיליליטרים,150.00,"100 מ""ל",false,,4.30,2.8667,true,1,30685
7290005838972,false,סקי גבינת לבנה 5% 12,קריות זול,,סקי גבינת לבנה 5% 12,גרמים,125.00,100 גרם,false,,3.60,2.8800,true,1,30691
7290005839078,false,דנונה ביו מארז שמיני,,,דנונה ביו מארז שמיני,גרמים,1200.00,100 גרם,false,,17.50,1.4583,true,1,30692
7290005839108,false,גבינת סימפוניה עם זי,קריות זול,,גבינת סימפוניה עם זי,גרמים,200.00,100 גרם,false,,11.80,5.9000,true,1,30694
7290005839313,false,מילקי טופ מגולגלת 14,קריות זול,,מילקי טופ מגולגלת 14,מיליליטרים,142.00,"100 מ""ל",false,,4.80,3.3803,true,1,30695
7290005877247,false,פרגיות טרי ארוז,,,פרגיות טרי ארוז,קילוגרמים,1.00,"ק""ג",true,,69.90,69.9000,true,1,138160
7290005877261,false,פרגיות טרי ארוז,,,פרגיות טרי ארוז,קילוגרמים,1.00,"ק""ג",true,,69.90,69.9000,true,1,137410
7290005877278,false,עוף שלם טרי ארוז,,,עוף שלם טרי ארוז,קילוגרמים,1.00,"ק""ג",true,,20.90,20.9000,true,1,137394
7290005877308,false,כנפיים עוף טרי ארוז,,,כנפיים עוף טרי ארוז,קילוגרמים,1.00,"ק""ג",true,,12.90,12.9000,true,1,137414
7290005877315,false,ירכיים עוף טרי ארוז,,,ירכיים עוף טרי ארוז,קילוגרמים,1.00,"ק""ג",true,,29.90,29.9000,true,1,137401
7290005877322,false,חזה עוף טרי ארוז,,,חזה עוף טרי ארוז,קילוגרמים,1.00,"ק""ג",true,,39.90,39.9000,true,1,137397
7290005877339,false,שוקיים עוף טרי ארוז,,,שוקיים עוף טרי ארוז,קילוגרמים,1.00,"ק""ג",true,,37.90,37.9000,true,1,137402
7290005877346,false,שניצל עוף טרי ארוז,,,שניצל עוף טרי ארוז,קילוגרמים,1.00,"ק""ג",true,,44.90,44.9000,true,1,137415
7290005992018,false,יוגורט עיזים 3% 500מ,קריות זול,,יוגורט עיזים 3% 500מ,מיליליטרים,500.00,"100 מ""ל",false,,14.70,2.9400,true,1,19902
7290005992575,false,בולגרית למריחה 5% 25,קריות זול,,בולגרית למריחה 5% 25,גרמים,250.00,100 גרם,false,,18.90,7.5600,true,1,19909
7290005992735,false,לאבנה 5% 250גר מחלבו,קריות זול,,לאבנה 5% 250גר מחלבו,גרמים,250.00,100 גרם,false,,13.30,5.3200,true,1,19912
7290005996078,false,סרוולד הונגרי יחיעם,,,סרוולד הונגרי יחיעם,גרמים,125.00,100 גרם,false,,29.90,23.9200,true,1,119989
7290005996221,false,פסטרמה של פעם דק דק,,,פסטרמה של פעם דק דק,גרמים,120.00,100 גרם,false,,14.90,12.4167,true,1,120376
7290005996238,false,פסטרמה בדבש דק דק 12,,,פסטרמה בדבש דק דק 12,גרמים,120.00,100 גרם,false,,14.90,12.4167,true,1,120377
7290006131287,false,פילה בקלה (מרלוזה) א,,,פילה בקלה (מרלוזה) א,קילוגרמים,1.00,"ק""ג",true,,34.90,34.9000,true,1,102239
7290006131447,false,מקרל קפוא,,,מקרל קפוא,קילוגרמים,1.00,"ק""ג",true,,21.90,21.9000,true,1,102241
7290006131591,false,פילה ברבוניה בוואקום,,,פילה ברבוניה בוואקום,גרמים,400.00,100 גרם,false,,24.90,6.2250,true,1,102242
7290006199027,false,גלידל חלבי מאגדת בטע,,,גלידל חלבי מאגדת בטע,יח',8.00,יח',false,,29.90,3.7375,true,1,129467
7290006199218,false,גלידל חלבי מאגדת בטע,,,גלידל חלבי מאגדת בטע,יח',8.00,יח',false,,29.90,3.7375,true,1,129468
7290006199942,false,גלידל פרי מאגדת בטעם,,,גלידל פרי מאגדת בטעם,יח',8.00,יח',false,,23.90,2.9875,true,1,134912
7290006229427,false,סאן בנדטו שישייה 6*5,קריות זול,,סאן בנדטו שישייה 6*5,מיליליטרים,3000.00,"100 מ""ל",false,,14.90,0.4967,true,1,20479
7290006241511,false,פריגת לימון נענע קפו,קריות זול,,פריגת לימון נענע קפו,גרמים,340.00,100 גרם,false,,15.90,4.6765,true,1,27985
7290006241535,false,פריגת מנגו קפוא 350ג,קריות זול,,פריגת מנגו קפוא 350ג,גרמים,350.00,100 גרם,false,,15.90,4.5429,true,1,27987
7290006241689,false,פריגת לימון קפוא 340,,,פריגת לימון קפוא 340,גרמים,340.00,100 גרם,false,,15.90,4.6765,true,1,27991
7290006251275,false,תה ירוק סיני 25יח,קריות זול,,תה ירוק סיני 25יח,גרמים,37.50,100 גרם,false,,26.90,71.7333,true,1,31116
7290006251343,false,תה פסיפלורה מנגו הגן,קריות זול,,תה פסיפלורה מנגו הגן,גרמים,62.50,100 גרם,false,,19.90,31.8400,true,1,32032
7290006251374,false,תה ירוק לימונית וגינ,קריות זול,,תה ירוק לימונית וגינ,גרמים,25.00,100 גרם,false,,26.90,107.6000,true,1,31119
7290006251589,false,תה ירוק עם עלי נענע,קריות זול,,תה ירוק עם עלי נענע,יח',50.00,יח',false,,46.90,0.9380,true,1,31120
7290006271174,false,גחנון לאפיה בתנור מע,קריות זול,,גחנון לאפיה בתנור מע,גרמים,700.00,100 גרם,false,,18.90,2.7000,true,1,29165
7290006271181,false,גחנון אפוי מעדנות 75,קריות זול,,גחנון אפוי מעדנות 75,גרמים,750.00,100 גרם,false,,26.90,3.5867,true,1,29166
7290006271655,false,מיני בורקס גבינה מעד,קריות זול,,מיני בורקס גבינה מעד,גרמים,800.00,100 גרם,false,,27.90,3.4875,true,1,36520
7290006272072,false,חטיפי פיצה מעדנות 65,קריות זול,,חטיפי פיצה מעדנות 65,גרמים,650.00,100 גרם,false,,33.90,5.2154,true,1,29191
7290006272430,false,בצק עלים חמאה מעדנות,,,בצק עלים חמאה מעדנות,גרמים,600.00,100 גרם,false,,28.90,4.8167,true,1,44485
7290006306296,false,רביולי במילוי גבינה,,,רביולי במילוי גבינה,גרמים,400.00,100 גרם,false,,26.90,6.7250,true,1,62204
7290006306302,false,רביולי פרמזן ריקוטה,,,רביולי פרמזן ריקוטה,גרמים,400.00,100 גרם,false,,26.90,6.7250,true,1,19921
7290006306319,false,רביולי במילוי בטטה 4,קריות זול,,רביולי במילוי בטטה 4,גרמים,400.00,100 גרם,false,,26.90,6.7250,true,1,19922
7290006306326,false,רביולי במילוי פטריות,,,רביולי במילוי פטריות,גרמים,400.00,100 גרם,false,,26.90,6.7250,true,1,19923
7290006306333,false,רביולי במילוי תרד וג,קריות זול,,רביולי במילוי תרד וג,גרמים,400.00,100 גרם,false,,26.90,6.7250,true,1,19924
7290006306357,false,רביולי במילוי גבינת,קריות זול,,רביולי במילוי גבינת,גרמים,400.00,100 גרם,false,,26.90,6.7250,true,1,19926
7290006342072,false,גרעין דלעת קלוי ששון,,,גרעין דלעת קלוי ששון,גרמים,200.00,100 גרם,false,,7.90,3.9500,true,1,91709
7290006342089,false,גרעין שחור 200גרם,,,גרעין שחור 200גרם,גרמים,200.00,100 גרם,false,,4.90,2.4500,true,1,66962
7290006342447,false,גרעיני אבטיח 200גרם,,,גרעיני אבטיח 200גרם,גרמים,200.00,100 גרם,false,,12.90,6.4500,true,1,91710
7290006342553,false,קבוקים 200גר,,,קבוקים 200גר,גרמים,200.00,100 גרם,false,,5.00,2.5000,true,1,71954
7290006346025,false,סלט צאזיקי יווני 250,,,סלט צאזיקי יווני 250,גרמים,250.00,100 גרם,false,,22.90,9.1600,true,1,141244
7290006346063,false,לאבנה בשמן זית וזעתר,,,לאבנה בשמן זית וזעתר,גרמים,250.00,100 גרם,false,,22.90,9.1600,true,1,141250
7290006346162,false,טורשי ירקות כבושים 3,,,טורשי ירקות כבושים 3,גרמים,330.00,100 גרם,false,,24.90,7.5455,true,1,113135
7290006346377,false,חציל בולגרית 250 גרם,,,חציל בולגרית 250 גרם,גרמים,250.00,100 גרם,false,,22.90,9.1600,true,1,141243
7290006346414,false,סלט אבוקדו  250 גרם,,,סלט אבוקדו  250 גרם,גרמים,250.00,100 גרם,false,,22.90,9.1600,true,1,141240
7290006346629,false,שמנת חציל 250 גרם סל,,,שמנת חציל 250 גרם סל,גרמים,250.00,100 גרם,false,,22.90,9.1600,true,1,141251
7290006346643,false,חומוס זעתר 250 גרם ס,,,חומוס זעתר 250 גרם ס,גרמים,250.00,100 גרם,false,,15.90,6.3600,true,1,113120
7290006346773,false,רוטב צימיצורי גביע 2,,,רוטב צימיצורי גביע 2,גרמים,250.00,100 גרם,false,,21.90,8.7600,true,1,128528
7290006346834,false,פלפלית בלימון חריף ג,,,פלפלית בלימון חריף ג,גרמים,250.00,100 גרם,false,,15.90,6.3600,true,1,128525
7290006346971,false,חציל אפוי במיונז 250,,,חציל אפוי במיונז 250,גרמים,250.00,100 גרם,false,,16.90,6.7600,true,1,113112
7290006346995,false,חציל בטעם כבד גביע 2,,,חציל בטעם כבד גביע 2,גרמים,250.00,100 גרם,false,,22.90,9.1600,true,1,128512
7290006374653,false,דבש לייט מופחת קלורי,קריות זול,,דבש לייט מופחת קלורי,גרמים,350.00,100 גרם,false,,29.90,8.5429,true,1,27293
7290006374738,false,קונפיטורת תות יד מרד,קריות זול,,קונפיטורת תות יד מרד,גרמים,340.00,100 גרם,false,,13.90,4.0882,true,1,27299
7290006376022,false,קורנפלור 200גר פרימי,,,קורנפלור 200גר פרימי,גרמים,200.00,100 גרם,false,,3.90,1.9500,true,1,120449
7290006376091,false,סודה לשתיה פרימיום 5,,,סודה לשתיה פרימיום 5,גרמים,50.00,100 גרם,false,,2.20,4.4000,true,1,99615
7290006376626,false,אבקת סוכר פרימיום 10,,,אבקת סוכר פרימיום 10,גרמים,100.00,100 גרם,false,,2.50,2.5000,true,1,99616
7290006376688,false,סוכר וניל 10*10גרם פ,,,סוכר וניל 10*10גרם פ,גרמים,100.00,100 גרם,false,,2.50,2.5000,true,1,99613
7290006376695,false,אבקת אפיה 10*10גר פר,,,אבקת אפיה 10*10גר פר,גרמים,100.00,100 גרם,false,,2.50,2.5000,true,1,99614
7290006376718,false,ג'לטין שקיות 24 גר,,,ג'לטין שקיות 24 גר,גרמים,24.00,100 גרם,false,,9.90,41.2500,true,1,75736
7290006464293,false,כבד בקר לצליה לא מוכ,,,כבד בקר לצליה לא מוכ,קילוגרמים,1.00,"ק""ג",true,,29.90,29.9000,true,1,36586
7290006492432,false,בייבי מוצרלה מחלבות,קריות זול,,בייבי מוצרלה מחלבות,גרמים,100.00,100 גרם,false,,16.50,16.5000,true,1,19932
7290006492616,false,בולגרית פרוסות 5% 25,קריות זול,,בולגרית פרוסות 5% 25,גרמים,250.00,100 גרם,false,,27.90,11.1600,true,1,19934
7290006492630,false,גבינת גליל מחלבות גד,קריות זול,,גבינת גליל מחלבות גד,גרמים,180.00,100 גרם,false,,24.50,13.6111,true,1,19935
7290006492685,false,לאבנה עזים 5% 250גר,קריות זול,,לאבנה עזים 5% 250גר,גרמים,250.00,100 גרם,false,,18.80,7.5200,true,1,19936
7290006492852,false,*מבצע* גבינת עיזים 5,קריות זול,,*מבצע* גבינת עיזים 5,גרמים,250.00,100 גרם,false,,15.90,6.3600,true,1,19941
7290006492913,false,לאבנה ציזיקי 250גר מ,קריות זול,,לאבנה ציזיקי 250גר מ,גרמים,250.00,100 גרם,false,,14.50,5.8000,true,1,57383
7290006494917,false,וופל מרמולייט ופל בט,קריות זול,,וופל מרמולייט ופל בט,גרמים,180.00,100 גרם,false,,11.90,6.6111,true,1,25480
7290006498052,false,יוגורט טבעי מהדרין 3,קריות זול,,יוגורט טבעי מהדרין 3,מיליליטרים,150.00,"100 מ""ל",false,,2.90,1.9333,true,1,68765
7290006511010,false,פרמזנו ויליפוד,,,פרמזנו ויליפוד,קילוגרמים,1.00,"ק""ג",true,,120.00,120.0000,true,1,96550
7290006511683,false,פולי סויה מאנצו קפוא,,,פולי סויה מאנצו קפוא,גרמים,454.00,100 גרם,false,,10.90,2.4009,true,1,36634
7290006511904,false,כדורי גבינת אדם וילי,,,כדורי גבינת אדם וילי,קילוגרמים,1.00,"ק""ג",true,,79.00,79.0000,true,1,63095
7290006546333,false,ציפס קפוא פרי גליל 7,,,ציפס קפוא פרי גליל 7,גרמים,700.00,100 גרם,false,,13.90,1.9857,true,1,27729
7290006546395,false,לקט העונה 800גר,קריות זול,,לקט העונה 800גר,גרמים,800.00,100 גרם,false,,10.90,1.3625,true,1,36638
7290006546982,false,לקט סיני 800גר,קריות זול,,לקט סיני 800גר,גרמים,800.00,100 גרם,false,,12.90,1.6125,true,1,86031
7290006582355,false,סילאן 900 גרם,,,סילאן 900 גרם,גרמים,900.00,100 גרם,false,,10.90,1.2111,true,1,50718
7290006618146,false,נוזל מדליק פחמים הפי,,,נוזל מדליק פחמים הפי,מיליליטרים,500.00,"100 מ""ל",false,,15.90,3.1800,true,1,50118
7290006644480,false,"תפוזינה תפוזים 500מ""",,,"תפוזינה תפוזים 500מ""",מיליליטרים,500.00,"100 מ""ל",false,,5.90,1.1800,true,1,101125
7290006644527,false,תפוזינה תות בננה 500,,,תפוזינה תות בננה 500,מיליליטרים,500.00,"100 מ""ל",false,,5.90,1.1800,true,1,101127
7290006651730,false,אלכוויפס מגבונים לשמ,,,אלכוויפס מגבונים לשמ,יחידה,0.00,יחידה,false,,15.90,0.0000,true,1,113156
7290006652027,false,במבה מארז 20*15גר אס,,,במבה מארז 20*15גר אס,גרמים,300.00,100 גרם,false,,19.90,6.6333,true,1,24098
7290006653765,false,פסטה פרפקטו פטוציני,קריות זול,,פסטה פרפקטו פטוציני,גרמים,500.00,100 גרם,false,,8.50,1.7000,true,1,24124
7290006664051,false,אקטימל טבעי 14*100מל,קריות זול,,אקטימל טבעי 14*100מל,מיליליטרים,1400.00,"100 מ""ל",false,,32.90,2.3500,true,1,30724
7290006664310,false,גבינה לבנה סקי 3% שט,קריות זול,,גבינה לבנה סקי 3% שט,גרמים,250.00,100 גרם,false,,4.90,1.9600,true,1,30730
7290006664402,false,גבינה לבנה סקי 5% 75,קריות זול,,גבינה לבנה סקי 5% 75,גרמים,750.00,100 גרם,false,,14.94,1.9920,true,1,30733
7290006664532,false,דנונה תות 1.5% 150 מ,קריות זול,,דנונה תות 1.5% 150 מ,מיליליטרים,150.00,"100 מ""ל",false,,3.90,2.6000,true,1,30741
7290006664655,false,אקטימל טבעי 8*100מל,קריות זול,,אקטימל טבעי 8*100מל,מיליליטרים,800.00,"100 מ""ל",false,,21.90,2.7375,true,1,30745
7290006664693,false,דנונה אפרסק 1.5% 150,קריות זול,,דנונה אפרסק 1.5% 150,גרמים,150.00,100 גרם,false,,3.90,2.6000,true,1,30747
7290006664990,false,דנונה ביו מארז שמיני,,,דנונה ביו מארז שמיני,גרמים,1200.00,100 גרם,false,,17.50,1.4583,true,1,30761
7290006681003,false,קרמיסימו תות לימון ס,קריות זול,,קרמיסימו תות לימון ס,מיליליטרים,1330.00,"100 מ""ל",false,,21.90,1.6466,true,1,28875
7290006681553,false,קרמבו וניל שטראוס 8י,קריות זול,,קרמבו וניל שטראוס 8י,יח',8.00,יח',false,,15.90,1.9875,true,1,28888
7290006681560,false,קרמבו מוקה שטראוס 8י,קריות זול,,קרמבו מוקה שטראוס 8י,יח',8.00,יח',false,,15.90,1.9875,true,1,28889
7290006681577,false,קרחון אסקימו לימון+ד,קריות זול,,קרחון אסקימו לימון+ד,יחידה,0.00,יחידה,false,,15.90,0.0000,true,1,28890
7290006696595,false,יין מסורת 1 ליטר,,,יין מסורת 1 ליטר,מיליליטרים,1000.00,"100 מ""ל",false,,24.90,2.4900,true,1,39227
7290006707345,false,חזה עוף טרי ארוז,,,חזה עוף טרי ארוז,קילוגרמים,1.00,"ק""ג",true,,39.90,39.9000,true,1,51109
7290006707352,false,שניצל עוף טרי ארוז,,,שניצל עוף טרי ארוז,קילוגרמים,1.00,"ק""ג",true,,44.90,44.9000,true,1,51110
7290006707369,false,כרעיים עוף טרי ארוז,,,כרעיים עוף טרי ארוז,קילוגרמים,1.00,"ק""ג",true,,29.90,29.9000,true,1,112250
7290006707376,false,ירכיים עוף טרי ארוז,,,ירכיים עוף טרי ארוז,קילוגרמים,1.00,"ק""ג",true,,29.90,29.9000,true,1,112268
7290006707383,false,שוקיים עוף טרי ארוז,,,שוקיים עוף טרי ארוז,קילוגרמים,1.00,"ק""ג",true,,37.90,37.9000,true,1,112251
7290006707390,false,פרגיות טרי ארוז,,,פרגיות טרי ארוז,קילוגרמים,1.00,"ק""ג",true,,69.90,69.9000,true,1,112272
7290006707420,false,עוף שלם טרי ארוז,,,עוף שלם טרי ארוז,קילוגרמים,1.00,"ק""ג",true,,20.90,20.9000,true,1,112252
7290006707437,false,כנפיים עוף טרי ארוז,,,כנפיים עוף טרי ארוז,קילוגרמים,1.00,"ק""ג",true,,12.90,12.9000,true,1,112269
7290006707444,false,קורקבן עוף טרי ארוז,,,קורקבן עוף טרי ארוז,קילוגרמים,1.00,"ק""ג",true,,10.90,10.9000,true,1,112270
7290006707451,false,לב עוף טרי ארוז,,,לב עוף טרי ארוז,קילוגרמים,1.00,"ק""ג",true,,34.90,34.9000,true,1,51114
7290006707468,false,כבד עוף טרי ארוז לצל,,,כבד עוף טרי ארוז לצל,קילוגרמים,1.00,"ק""ג",true,,24.90,24.9000,true,1,51115
7290006707543,false,פילה עוף טרי ארוז,,,פילה עוף טרי ארוז,קילוגרמים,1.00,"ק""ג",true,,39.90,39.9000,true,1,112271
7290006712981,false,קולגייט משחת שיניים,קריות זול,,קולגייט משחת שיניים,מיליליטרים,50.00,"100 מ""ל",false,,13.90,27.8000,true,1,28453
7290006738615,false,קבב פרימיום 100% בשר,,,קבב פרימיום 100% בשר,גרמים,400.00,100 גרם,false,,24.90,6.2250,true,1,42852
7290006739292,false,פסטרמה תבור זוגלובק,,,פסטרמה תבור זוגלובק,גרמים,330.00,100 גרם,false,,29.90,9.0606,true,1,44967
7290006739407,false,שניצל תירס לייט זוגל,,,שניצל תירס לייט זוגל,גרמים,630.00,100 גרם,false,,27.90,4.4286,true,1,45832
7290006739414,false,סלמי קוניאק זוגלובק,,,סלמי קוניאק זוגלובק,גרמים,300.00,100 גרם,false,,28.90,9.6333,true,1,45833
7290006739421,false,סלמי מעושן איטלקי זו,,,סלמי מעושן איטלקי זו,גרמים,300.00,100 גרם,false,,28.90,9.6333,true,1,45830
7290006739445,false,שניצל תירס קלאסי זוג,,,שניצל תירס קלאסי זוג,גרמים,750.00,100 גרם,false,,27.90,3.7200,true,1,46384
7290006739544,false,כתף בקר זוגלובק 300ג,,,כתף בקר זוגלובק 300ג,גרמים,300.00,100 גרם,false,,34.90,11.6333,true,1,48463
7290006742179,false,קבב מזרחי זוגלובק 40,,,קבב מזרחי זוגלובק 40,גרמים,400.00,100 גרם,false,,22.90,5.7250,true,1,39112
7290006742278,false,פסטרממיה צלויה על לב,,,פסטרממיה צלויה על לב,גרמים,330.00,100 גרם,false,,29.90,9.0606,true,1,48467
7290006742292,false,פסטרממיה בדבש 1% זוג,,,פסטרממיה בדבש 1% זוג,גרמים,330.00,100 גרם,false,,29.90,9.0606,true,1,48469
7290006742315,false,חזה הודו ברביקיו 1%,,,חזה הודו ברביקיו 1%,גרמים,330.00,100 גרם,false,,29.90,9.0606,true,1,48471
7290006764485,false,נשר מאלט בקבוק שישיי,קריות זול,,נשר מאלט בקבוק שישיי,מיליליטרים,1980.00,"100 מ""ל",false,,32.90,1.6616,true,1,20497
7290006765000,false,טורטיות מקמח חיטה מל,,,טורטיות מקמח חיטה מל,גרמים,540.00,100 גרם,false,,10.00,1.8519,true,1,100692
7290006765772,false,אננס מסוכר מיובש 200,,,אננס מסוכר מיובש 200,גרמים,200.00,100 גרם,false,,15.90,7.9500,true,1,75021
7290006770561,false,לקט לקוסקוס 800גר,,,לקט לקוסקוס 800גר,גרמים,800.00,100 גרם,false,,12.90,1.6125,true,1,86033
7290006775016,false,עוגת תפוז 450גר,,,עוגת תפוז 450גר,גרמים,450.00,100 גרם,false,,10.90,2.4222,true,1,50592
7290006775023,false,עוגת אנגלית 450גר,,,עוגת אנגלית 450גר,גרמים,450.00,100 גרם,false,,10.90,2.4222,true,1,50593
7290006775030,false,עוגת שוקולד 450גר,,,עוגת שוקולד 450גר,גרמים,450.00,100 גרם,false,,10.90,2.4222,true,1,50594
7290006775054,false,עוגת שיש 450גר,,,עוגת שיש 450גר,גרמים,450.00,100 גרם,false,,10.90,2.4222,true,1,50596
7290006775191,false,מאפין ממולא שוקולד 5,,,מאפין ממולא שוקולד 5,גרמים,50.00,100 גרם,false,,3.20,6.4000,true,1,51893
7290006775306,false,מאפין ממולא תות 50גר,,,מאפין ממולא תות 50גר,גרמים,50.00,100 גרם,false,,3.20,6.4000,true,1,51894
7290006775405,false,מאפינס 40גר,,,מאפינס 40גר,גרמים,40.00,100 גרם,false,,3.20,8.0000,true,1,51895
7290006775764,false,עוגת שוקוציפס ללא סו,,,עוגת שוקוציפס ללא סו,גרמים,400.00,100 גרם,false,,12.90,3.2250,true,1,65347
7290006784322,false,סנט מוריץ נירוסטה 40,,,סנט מוריץ נירוסטה 40,מיליליטרים,400.00,"100 מ""ל",false,,16.90,4.2250,true,1,99081
7290006784360,false,נוזל חלונות 1 ליטר ס,,,נוזל חלונות 1 ליטר ס,ליטרים,1.00,ליטר,false,,5.90,5.9000,true,1,50688
7290006784865,false,מטבחים 1ליטר תכשיר מ,,,מטבחים 1ליטר תכשיר מ,ליטרים,1.00,ליטר,false,,11.90,11.9000,true,1,99078
7290006788009,false,"קרליין ""10"" שמפו לשי",,,"קרליין ""10"" שמפו לשי",מיליליטרים,700.00,"100 מ""ל",false,,13.90,1.9857,true,1,36833
7290006788061,false,"קרליין ""10"" מרכך לשי",,,"קרליין ""10"" מרכך לשי",מיליליטרים,700.00,"100 מ""ל",false,,13.90,1.9857,true,1,36837
7290006788429,false,קרליין רולאון נושם כ,,,קרליין רולאון נושם כ,מיליליטרים,75.00,"100 מ""ל",false,,14.90,19.8667,true,1,43088
7290006788436,false,קרליין רולאון נושם ו,,,קרליין רולאון נושם ו,מיליליטרים,75.00,"100 מ""ל",false,,14.90,19.8667,true,1,43089
7290006788474,false,קרליין דאו ספריי 200,,,קרליין דאו ספריי 200,מיליליטרים,200.00,"100 מ""ל",false,,14.90,7.4500,true,1,114738
7290006788504,false,קרליין ספריי רקטיב נ,,,קרליין ספריי רקטיב נ,מיליליטרים,200.00,"100 מ""ל",false,,14.90,7.4500,true,1,43096
7290006805850,false,תערובת להכנת פנקייקס,קריות זול,,תערובת להכנת פנקייקס,גרמים,500.00,100 גרם,false,,19.90,3.9800,true,1,36840
7290006822192,false,אושן ספריי דיאט חמוצ,קריות זול,,אושן ספריי דיאט חמוצ,מיליליטרים,1000.00,"100 מ""ל",false,,13.90,1.3900,true,1,28023
7290006873460,false,מיץ ענבים בציר 1 ליט,,,מיץ ענבים בציר 1 ליט,מיליליטרים,1000.00,"100 מ""ל",false,,13.90,1.3900,true,1,102854
7290006873620,false,מיץ ענבים אדום טבעי,,,מיץ ענבים אדום טבעי,מיליליטרים,1000.00,"100 מ""ל",false,,12.90,1.2900,true,1,75009
7290006960443,false,מיקס עגבניות ומלפפונ,,,מיקס עגבניות ומלפפונ,גרמים,370.00,100 גרם,false,,10.90,2.9459,true,1,138221
7290006983152,false,קרוטונים מתובלים למר,קריות זול,,קרוטונים מתובלים למר,גרמים,400.00,100 גרם,false,,21.90,5.4750,true,1,24165
7290006983176,false,לחמית שיפון אסם 250ג,קריות זול,,לחמית שיפון אסם 250ג,גרמים,250.00,100 גרם,false,,9.90,3.9600,true,1,24166
7290006983527,false,עוגת הבית תפוח עץ עם,קריות זול,,עוגת הבית תפוח עץ עם,גרמים,400.00,100 גרם,false,,18.50,4.6250,true,1,24171
7290006983770,false,עוגת הבית שיש אסם 40,קריות זול,,עוגת הבית שיש אסם 40,גרמים,400.00,100 גרם,false,,14.90,3.7250,true,1,24174
7290008023542,false,סיף פנטסטיק שמפו רצפ,קריות זול,,סיף פנטסטיק שמפו רצפ,ליטרים,4.00,ליטר,false,,21.90,5.4750,true,1,26744
7290008116534,false,מי פה ליסטרין 250 מל,,,מי פה ליסטרין 250 מל,מיליליטרים,250.00,"100 מ""ל",false,,9.90,3.9600,true,1,70255
7290008116558,false,מי פה ליסטרין 250 מל,,,מי פה ליסטרין 250 מל,מיליליטרים,250.00,"100 מ""ל",false,,9.90,3.9600,true,1,70462
7290008149518,false,עופיון טרי,,,עופיון טרי,יחידה,0.00,יחידה,false,,19.90,0.0000,true,1,102030
7290008154222,false,שניצלונים עוף טוב 70,קריות זול,,שניצלונים עוף טוב 70,גרמים,700.00,100 גרם,false,,19.90,2.8429,true,1,24195
7290008166010,false,לקט פיצוחים 200גר,,,לקט פיצוחים 200גר,גרמים,200.00,100 גרם,false,,16.90,8.4500,true,1,41459
7290008166775,false,בוטן מטוגן 200גרם,,,בוטן מטוגן 200גרם,גרמים,200.00,100 גרם,false,,8.90,4.4500,true,1,49703
7290008175173,false,חמאה מפינלנד ללא מלח,קריות זול,,חמאה מפינלנד ללא מלח,גרמים,200.00,100 גרם,false,,15.90,7.9500,true,1,24703
7290008175210,false,פרמזנו מגורדת ויליפו,,,פרמזנו מגורדת ויליפו,גרמים,90.00,100 גרם,false,,16.90,18.7778,true,1,24704
7290008175777,false,איבריקו ויליפוד,,,איבריקו ויליפוד,קילוגרמים,1.00,"ק""ג",true,,120.00,120.0000,true,1,63097
7290008190985,false,לקקן גלידה פופ 50יח,,,לקקן גלידה פופ 50יח,גרמים,500.00,100 גרם,false,,14.90,2.9800,true,1,32684
7290008194266,false,חטיפים מעורבים 350 ג,,,חטיפים מעורבים 350 ג,גרמים,350.00,100 גרם,false,,14.50,4.1429,true,1,51369
7290008194839,false,חטיפים מצופים אטיאס,,,חטיפים מצופים אטיאס,גרמים,300.00,100 גרם,false,,14.50,4.8333,true,1,76663
7290008323031,false,פילה סלמון קפוא,,,פילה סלמון קפוא,קילוגרמים,1.00,"ק""ג",true,,79.90,79.9000,true,1,37019
7290008323512,false,פילה מרלוזה ארגנטינה,,,פילה מרלוזה ארגנטינה,קילוגרמים,1.00,"ק""ג",true,,29.90,29.9000,true,1,127931
7290008329217,false,צלחת 7 ציבעוני 20 יח,,,צלחת 7 ציבעוני 20 יח,יחידה,0.00,יחידה,false,,9.90,0.0000,true,1,47179
7290008329248,false,ליפתנית צבעוני  20יח,,,ליפתנית צבעוני  20יח,יח',0.00,יח',false,,6.90,0.0000,true,1,101439
7290008329279,false,ליפתנית לבן 25 יח' ד,,,ליפתנית לבן 25 יח' ד,יחידה,0.00,יחידה,false,,5.90,0.0000,true,1,41039
7290008329286,false,כפיות אר 100 דנטס,,,כפיות אר 100 דנטס,יחידה,0.00,יחידה,false,,9.90,0.0000,true,1,41907
7290008329293,false,סכינים פרימיום שקוף/,,,סכינים פרימיום שקוף/,יחידה,0.00,יחידה,false,,9.90,0.0000,true,1,47181
7290008329309,false,מזלגות פרימיום שקוף/,,,מזלגות פרימיום שקוף/,יחידה,0.00,יחידה,false,,9.90,0.0000,true,1,47182
7290008329316,false,כפות פרימיום שקוף/קר,,,כפות פרימיום שקוף/קר,יחידה,0.00,יחידה,false,,9.90,0.0000,true,1,44448
7290008329378,false,קסרול לבן אר' 25 יח',,,קסרול לבן אר' 25 יח',יח',25.00,יח',false,,7.90,0.3160,true,1,42839
7290008329415,false,צלחת 8 לבן אר 50 דנט,,,צלחת 8 לבן אר 50 דנט,יח',50.00,יח',false,,12.90,0.2580,true,1,43273
7290008330107,false,בדין סגול מרכך כביסה,קריות זול,,בדין סגול מרכך כביסה,ליטרים,4.00,ליטר,false,,22.90,5.7250,true,1,26748
7290008379373,false,אורגו צמה טבעית 300,,,אורגו צמה טבעית 300,גרמים,300.00,100 גרם,false,,28.90,9.6333,true,1,93994
7290008409049,false,שניצלונים מיני מיני,,,שניצלונים מיני מיני,גרמים,500.00,100 גרם,false,,29.90,5.9800,true,1,68721
7290008409100,false,אצבעות שניצל שומשום,קריות זול,,אצבעות שניצל שומשום,גרמים,700.00,100 גרם,false,,38.90,5.5571,true,1,37058
7290008409124,false,שניצל גונגל פריך מאמ,קריות זול,,שניצל גונגל פריך מאמ,גרמים,700.00,100 גרם,false,,38.90,5.5571,true,1,29214
7290008409216,false,שניצל דק פריך מאמא ע,,,שניצל דק פריך מאמא ע,גרמים,700.00,100 גרם,false,,45.90,6.5571,true,1,46815
7290008409315,false,שניצלונים מיני מיני,,,שניצלונים מיני מיני,גרמים,500.00,100 גרם,false,,29.90,5.9800,true,1,68722
7290008409407,false,שניצל דק בציפוי ציפס,,,שניצל דק בציפוי ציפס,גרמים,700.00,100 גרם,false,,45.90,6.5571,true,1,51880
7290008409551,false,שניצל עוף אמיתי מעוד,קריות זול,,שניצל עוף אמיתי מעוד,גרמים,700.00,100 גרם,false,,45.90,6.5571,true,1,29232
7290008443630,false,נקה 7 שמפו לשיער מתו,,,נקה 7 שמפו לשיער מתו,מיליליטרים,750.00,"100 מ""ל",false,,12.90,1.7200,true,1,20729
7290008464130,false,בירה גולדסטאר לא מסו,,,בירה גולדסטאר לא מסו,מיליליטרים,1980.00,"100 מ""ל",false,,36.90,1.8636,true,1,67502
7290008464222,false,בירה מכבי 7.9% פחית,,,בירה מכבי 7.9% פחית,מיליליטרים,500.00,"100 מ""ל",false,,8.90,1.7800,true,1,76752
7290008464505,false,"סאן בנדטו 500מ""ל",קריות זול,,"סאן בנדטו 500מ""ל",מיליליטרים,500.00,"100 מ""ל",false,,3.00,0.6000,true,1,31888
7290008464604,false,בירה היינקן הולנד פח,קריות זול,,בירה היינקן הולנד פח,מיליליטרים,500.00,"100 מ""ל",false,,9.90,1.9800,true,1,20517
7290008464734,false,בירה גולדסטאר SLOW B,קריות זול,,בירה גולדסטאר SLOW B,מיליליטרים,1980.00,"100 מ""ל",false,,39.90,2.0152,true,1,90970
7290008464741,false,בירה גולדסטאר בקבוק,קריות זול,,בירה גולדסטאר בקבוק,מיליליטרים,1980.00,"100 מ""ל",false,,36.90,1.8636,true,1,20522
7290008464796,false,בירה היינקן בקבוק 6*,קריות זול,,בירה היינקן בקבוק 6*,מיליליטרים,1980.00,"100 מ""ל",false,,36.90,1.8636,true,1,20526
7290008469128,false,סטייק עין קפוא,,,סטייק עין קפוא,קילוגרמים,1.00,"ק""ג",true,,59.90,59.9000,true,1,135571
7290008469548,false,חזה בשר מס 3 מוכשר ק,,,חזה בשר מס 3 מוכשר ק,קילוגרמים,1.00,"ק""ג",true,,36.90,36.9000,true,1,135517
7290008469593,false,שריר הזרוע מס 8 מוכש,,,שריר הזרוע מס 8 מוכש,קילוגרמים,1.00,"ק""ג",true,,36.90,36.9000,true,1,66685
7290008493413,false,פרורי גריסני שקית 20,,,פרורי גריסני שקית 20,גרמים,200.00,100 גרם,false,,6.90,3.4500,true,1,32688
7290008493710,false,פרורי גריסיני זהב 20,,,פרורי גריסיני זהב 20,גרמים,200.00,100 גרם,false,,6.90,3.4500,true,1,136944
7290008590129,false,שעועית ירוקה שלמה שף,,,שעועית ירוקה שלמה שף,גרמים,800.00,100 גרם,false,,9.90,1.2375,true,1,139960
7290008590136,false,שעועית צהובה חתוכה ק,,,שעועית צהובה חתוכה ק,גרמים,800.00,100 גרם,false,,9.90,1.2375,true,1,138613
7290008590150,false,אפונת גינה קטנה שף ה,,,אפונת גינה קטנה שף ה,גרמים,800.00,100 גרם,false,,9.90,1.2375,true,1,138229
7290008590167,false,אפונה וגזר 800 גרם ש,,,אפונה וגזר 800 גרם ש,גרמים,800.00,100 גרם,false,,9.90,1.2375,true,1,138614
7290008590198,false,שעועית ירוקה חתוכה 8,,,שעועית ירוקה חתוכה 8,גרמים,800.00,100 גרם,false,,9.90,1.2375,true,1,138615
7290008614559,false,שריר הזרוע מס 8 חלק,,,שריר הזרוע מס 8 חלק,קילוגרמים,1.00,"ק""ג",true,,36.90,36.9000,true,1,120855
7290008614788,false,סינטה קפוא,,,סינטה קפוא,קילוגרמים,1.00,"ק""ג",true,,69.90,69.9000,true,1,138822
7290008644235,false,עלי בייבי 120 גר שטר,קריות זול,,עלי בייבי 120 גר שטר,גרמים,120.00,100 גרם,false,,11.90,9.9167,true,1,30777
7290008644945,false,סלט המושבה שטראוס 45,,,סלט המושבה שטראוס 45,גרמים,450.00,100 גרם,false,,12.90,2.8667,true,1,30788
7290008679435,false,כפפות הנדי לבית ולמט,קריות זול,,כפפות הנדי לבית ולמט,יחידה,0.00,יחידה,false,,7.90,0.0000,true,1,28227
7290008690713,false,אושן ספריי חמוציות 1,קריות זול,,אושן ספריי חמוציות 1,מיליליטרים,1000.00,"100 מ""ל",false,,13.90,1.3900,true,1,28046
7290008693134,false,דניאלה תות מעדן גבינ,קריות זול,,דניאלה תות מעדן גבינ,מיליליטרים,150.00,"100 מ""ל",false,,4.30,2.8667,true,1,30805
7290008736015,false,סטייק עין ורד הצלע ח,,,סטייק עין ורד הצלע ח,קילוגרמים,1.00,"ק""ג",true,,59.90,59.9000,true,1,139204
7290008736244,false,סינטה בקר קפוא,,,סינטה בקר קפוא,קילוגרמים,1.00,"ק""ג",true,,69.90,69.9000,true,1,138654
7290008736312,false,לשון בקר קפוא,,,לשון בקר קפוא,קילוגרמים,1.00,"ק""ג",true,,39.90,39.9000,true,1,137593
7290008745239,false,תפוציפס אקסטרא טבעי,קריות זול,,תפוציפס אקסטרא טבעי,גרמים,50.00,100 גרם,false,,4.20,8.4000,true,1,27061
7290008747547,false,תפוציפס אקסטרא טבעי,,,תפוציפס אקסטרא טבעי,גרמים,200.00,100 גרם,false,,11.70,5.8500,true,1,27063
7290008753111,false,תפוציפס מקסיקני 50גר,קריות זול,,תפוציפס מקסיקני 50גר,גרמים,50.00,100 גרם,false,,4.20,8.4000,true,1,27077
7290008754415,false,מסטיק מאסט בטעם ספיר,,,מסטיק מאסט בטעם ספיר,גרמים,28.00,100 גרם,false,,4.90,17.5000,true,1,27402
7290008757980,false,ספרינג רימונים 1 ליט,קריות זול,,ספרינג רימונים 1 ליט,מיליליטרים,1000.00,"100 מ""ל",false,,7.90,0.7900,true,1,26185
7290008775816,false,ערגליות שוקו אסם 300,קריות זול,,ערגליות שוקו אסם 300,גרמים,300.00,100 גרם,false,,11.50,3.8333,true,1,24243
7290008792264,false,טאצ מפיות 100,,,טאצ מפיות 100,יח',100.00,יח',false,,4.90,0.0490,true,1,49670
7290008801010,false,יין קברנה סוביניון מ,קריות זול,,יין קברנה סוביניון מ,מיליליטרים,750.00,"100 מ""ל",false,,39.90,5.3200,true,1,19735
7290008801478,false,יין טופז זהב 750מל,קריות זול,,יין טופז זהב 750מל,מיליליטרים,750.00,"100 מ""ל",false,,20.90,2.7867,true,1,19750
7290008801522,false,יין קינג דיוויד לבן,קריות זול,,יין קינג דיוויד לבן,מיליליטרים,750.00,"100 מ""ל",false,,21.90,2.9200,true,1,19751
7290008801546,false,יין קינג דיוויד מוסק,קריות זול,,יין קינג דיוויד מוסק,מיליליטרים,750.00,"100 מ""ל",false,,21.90,2.9200,true,1,19752
7290008801843,false,יין סלקטד קברנה סובי,קריות זול,,יין סלקטד קברנה סובי,מיליליטרים,750.00,"100 מ""ל",false,,29.90,3.9867,true,1,19755
7290008802291,false,יין מרלו פריווט קולק,קריות זול,,יין מרלו פריווט קולק,מיליליטרים,750.00,"100 מ""ל",false,,39.90,5.3200,true,1,19761
7290008802512,false,יין וינו אדום יבש 75,קריות זול,,יין וינו אדום יבש 75,מיליליטרים,750.00,"100 מ""ל",false,,21.90,2.9200,true,1,19762
7290008802529,false,יין וינו לבן יבש 750,קריות זול,,יין וינו לבן יבש 750,מיליליטרים,750.00,"100 מ""ל",false,,21.90,2.9200,true,1,19763
7290008802895,false,יין קברנה סוביניון פ,קריות זול,,יין קברנה סוביניון פ,מיליליטרים,750.00,"100 מ""ל",false,,39.90,5.3200,true,1,37227
7290008804332,false,יין שיראז אדום יבש פ,קריות זול,,יין שיראז אדום יבש פ,מיליליטרים,750.00,"100 מ""ל",false,,39.90,5.3200,true,1,19775
7290008804745,false,יין לבן חצי יבש סדרה,,,יין לבן חצי יבש סדרה,מיליליטרים,750.00,"100 מ""ל",false,,59.90,7.9867,true,1,49431
7290008805049,false,יין סלקטד זינפנדל 75,קריות זול,,יין סלקטד זינפנדל 75,מיליליטרים,750.00,"100 מ""ל",false,,29.90,3.9867,true,1,19791
7290008805384,false,ייו סלקטד מוסקטו 750,קריות זול,,ייו סלקטד מוסקטו 750,מיליליטרים,750.00,"100 מ""ל",false,,29.90,3.9867,true,1,19793
7290008805520,false,יין סלקטד קברנה סובנ,קריות זול,,יין סלקטד קברנה סובנ,מיליליטרים,750.00,"100 מ""ל",false,,29.90,3.9867,true,1,19794
7290008806961,false,קרמיסימו שוקולד פרה,קריות זול,,קרמיסימו שוקולד פרה,מיליליטרים,1330.00,"100 מ""ל",false,,21.90,1.6466,true,1,28902
7290008835770,false,לשון בקר חלק קפוא,,,לשון בקר חלק קפוא,קילוגרמים,1.00,"ק""ג",true,,39.90,39.9000,true,1,139556
7290008835954,false,פילה אמנון 5-7 וואקו,,,פילה אמנון 5-7 וואקו,קילוגרמים,1.00,"ק""ג",true,,29.90,29.9000,true,1,120452
7290008835992,false,פילה נסיכת הנילוס פר,,,פילה נסיכת הנילוס פר,קילוגרמים,1.00,"ק""ג",true,,74.90,74.9000,true,1,120428
7290008836401,false,יין ישן נושן 1 ליטר,,,יין ישן נושן 1 ליטר,מיליליטרים,1000.00,"100 מ""ל",false,,24.90,2.4900,true,1,46682
7290008849470,false,פלפל צומה חריף אוליב,קריות זול,,פלפל צומה חריף אוליב,גרמים,185.00,100 גרם,false,,14.90,8.0541,true,1,32689
7290008849586,false,רוטב ריבת בצל אוליבי,קריות זול,,רוטב ריבת בצל אוליבי,מיליליטרים,310.00,"100 מ""ל",false,,15.90,5.1290,true,1,32696
7290008849739,false,רוטב סויה קלאסי אולי,קריות זול,,רוטב סויה קלאסי אולי,מיליליטרים,290.00,"100 מ""ל",false,,13.90,4.7931,true,1,37274
7290008849753,false,רוטב טריאקי עשיר אול,קריות זול,,רוטב טריאקי עשיר אול,מיליליטרים,300.00,"100 מ""ל",false,,15.90,5.3000,true,1,32699
7290008849777,false,רוטב צילי מתוק 350 מ,קריות זול,,רוטב צילי מתוק 350 מ,מיליליטרים,290.00,"100 מ""ל",false,,13.90,4.7931,true,1,37275
7290008849838,false,טפנד זיתים אוליביה 1,,,טפנד זיתים אוליביה 1,גרמים,140.00,100 גרם,false,,13.90,9.9286,true,1,97761
7290008909884,false,קוקה קולה זירו זכוכי,,,קוקה קולה זירו זכוכי,מיליליטרים,330.00,"100 מ""ל",false,,7.00,2.1212,true,1,101885
7290008921053,false,יין אדום קברנה פטיט,,,יין אדום קברנה פטיט,מיליליטרים,750.00,"100 מ""ל",false,,34.90,4.6533,true,1,97379
7290008975780,false,בונזו גזע קטן 3קג,קריות זול,,בונזו גזע קטן 3קג,קילוגרמים,3.00,"ק""ג",false,,55.90,18.6333,true,1,25168
7290010051021,false,בזיליקום,,,בזיליקום,יחידה,0.00,יחידה,false,,5.90,0.0000,true,1,56254
7290010051052,false,פטרוזליה,,,פטרוזליה,יחידה,0.00,יחידה,false,,4.90,0.0000,true,1,46309
7290010051076,false,לבבות חסה,,,לבבות חסה,יחידה,0.00,יחידה,false,,10.90,0.0000,true,1,77161
7290010051113,false,קורנית (טימין),,,קורנית (טימין),יחידה,0.00,יחידה,false,,5.90,0.0000,true,1,56256
7290010051168,false,כוסברה,,,כוסברה,יחידה,0.00,יחידה,false,,4.90,0.0000,true,1,56239
7290010051175,false,כוסברה/שמיר ארוז,,,כוסברה/שמיר ארוז,גרמים,1000.00,100 גרם,false,,4.90,0.4900,true,1,46310
7290010051182,false,נענע ארוזה,,,נענע ארוזה,יחידה,0.00,יחידה,false,,4.90,0.0000,true,1,46311
7290010051199,false,שורש פטרוזיליה,,,שורש פטרוזיליה,יחידה,0.00,יחידה,false,,5.90,0.0000,true,1,56241
7290010051205,false,סלרי אמריקאי.,,,סלרי אמריקאי.,גרמים,200.00,100 גרם,false,,6.90,3.4500,true,1,56242
7290010051212,false,סלרי ראש,,,סלרי ראש,יחידה,0.00,יחידה,false,,6.90,0.0000,true,1,56243
7290010051267,false,פרסה לוף שלם,,,פרסה לוף שלם,יחידה,0.00,יחידה,false,,7.90,0.0000,true,1,65258
7290010051298,false,סלק עלים ארוז,,,סלק עלים ארוז,יחידה,0.00,יחידה,false,,6.90,0.0000,true,1,56244
7290010051335,false,בצל ירוק,,,בצל ירוק,גרמים,110.00,100 גרם,false,,5.90,5.3636,true,1,56251
7290010051403,false,שיבה,,,שיבה,יחידה,0.00,יחידה,false,,5.90,0.0000,true,1,56261
7290010051434,false,חסה סלנובה,,,חסה סלנובה,יחידה,0.00,יחידה,false,,10.90,0.0000,true,1,98841
7290010051687,false,רוזמרין,,,רוזמרין,יחידה,0.00,יחידה,false,,5.90,0.0000,true,1,67816
7290010065745,false,פרינוק מחית גוניור ל,,,פרינוק מחית גוניור ל,גרמים,190.00,100 גרם,false,,6.70,3.5263,true,1,40547
7290010066445,false,נתחי טונה בהירה בשמן,,,נתחי טונה בהירה בשמן,גרמים,414.00,100 גרם,false,,13.90,3.3575,true,1,102845
7290010066513,false,נתחי טונה בשמן פילטו,,,נתחי טונה בשמן פילטו,גרמים,632.00,100 גרם,false,,22.90,3.6234,true,1,52243
7290010066575,false,נתחי טונה במים פילטו,,,נתחי טונה במים פילטו,גרמים,632.00,100 גרם,false,,22.90,3.6234,true,1,52246
7290010066582,false,נתחי טונה בשמן קנולה,,,נתחי טונה בשמן קנולה,גרמים,632.00,100 גרם,false,,22.90,3.6234,true,1,52247
7290010066599,false,נתחי טונה בשמן זית פ,,,נתחי טונה בשמן זית פ,גרמים,632.00,100 גרם,false,,29.90,4.7310,true,1,55888
7290010066957,false,טונה פרינס בשמן 960ג,,,טונה פרינס בשמן 960ג,גרמים,960.00,100 גרם,false,,29.90,3.1146,true,1,55920
7290010116980,false,שוקולית עלית 850גר,קריות זול,,שוקולית עלית 850גר,גרמים,820.00,100 גרם,false,,17.90,2.1829,true,1,27424
7290010124107,false,סטייק בורגר זהב 400,,,סטייק בורגר זהב 400,גרמים,400.00,100 גרם,false,,19.90,4.9750,true,1,100689
7290010126323,false,חציל במיונז 400 גרם,,,חציל במיונז 400 גרם,גרמים,400.00,100 גרם,false,,12.90,3.2250,true,1,103016
7290010126330,false,תירס במיונז 400 גרם,,,תירס במיונז 400 גרם,גרמים,400.00,100 גרם,false,,12.90,3.2250,true,1,103027
7290010126408,false,חציל בטחינה 400 גרם,,,חציל בטחינה 400 גרם,גרמים,400.00,100 גרם,false,,12.90,3.2250,true,1,103017
7290010126477,false,טחינה ירוקה 400 גרם,,,טחינה ירוקה 400 גרם,גרמים,400.00,100 גרם,false,,12.90,3.2250,true,1,103018
7290010126484,false,מטבוחה 400 גרם כיד ה,,,מטבוחה 400 גרם כיד ה,גרמים,400.00,100 גרם,false,,12.90,3.2250,true,1,103019
7290010126507,false,סלט טורקי 400 גרם כי,,,סלט טורקי 400 גרם כי,גרמים,400.00,100 גרם,false,,12.90,3.2250,true,1,103026
7290010126583,false,חציל טבעי 400 גרם כי,,,חציל טבעי 400 גרם כי,גרמים,400.00,100 גרם,false,,12.90,3.2250,true,1,103020
7290010126958,false,"סלט תפו""א במיונז 400",,,"סלט תפו""א במיונז 400",גרמים,400.00,100 גרם,false,,12.90,3.2250,true,1,103028
7290010126972,false,טחינה לבנה 400 גרם כ,,,טחינה לבנה 400 גרם כ,גרמים,400.00,100 גרם,false,,12.90,3.2250,true,1,103023
7290010153503,false,שעועית בובס 400גר,,,שעועית בובס 400גר,גרמים,400.00,100 גרם,false,,11.90,2.9750,true,1,49957
7290010153510,false,בורגול מיה 500 גר,,,בורגול מיה 500 גר,גרמים,500.00,100 גרם,false,,6.90,1.3800,true,1,49963
7290010175840,false,לבבות דקל שלם 400גר,,,לבבות דקל שלם 400גר,גרמים,400.00,100 גרם,false,,13.90,3.4750,true,1,94526
7290010175857,false,לבבות דקל פרוסות 400,,,לבבות דקל פרוסות 400,גרמים,400.00,100 גרם,false,,12.90,3.2250,true,1,93044
7290010176212,false,נודלס בטעם עוף 65 גר,,,נודלס בטעם עוף 65 גר,גרמים,65.00,100 גרם,false,,5.90,9.0769,true,1,101372
7290010176243,false,נודלס בטעם פיקנטי 65,,,נודלס בטעם פיקנטי 65,גרמים,65.00,100 גרם,false,,5.90,9.0769,true,1,101375
7290010192144,false,סלרי חתוך ארוז,,,סלרי חתוך ארוז,יחידה,0.00,יחידה,false,,5.90,0.0000,true,1,140864
7290010195268,false,פופסטאר בטעם טבעי מו,,,פופסטאר בטעם טבעי מו,גרמים,425.00,100 גרם,false,,14.90,3.5059,true,1,54934
7290010237548,false,פפסי מקס בקבוק 500 מ,,,פפסי מקס בקבוק 500 מ,מיליליטרים,500.00,"100 מ""ל",false,,5.90,1.1800,true,1,51754
7290010237562,false,"מירינדה בקבוק 500 מ""",,,"מירינדה בקבוק 500 מ""",מיליליטרים,500.00,"100 מ""ל",false,,5.90,1.1800,true,1,51755
7290010259823,false,נודלס בטעם עוף מנת ה,קריות זול,,נודלס בטעם עוף מנת ה,גרמים,70.00,100 גרם,false,,5.90,8.4286,true,1,24727
7290010259830,false,נודלס סגנון סיני פיק,קריות זול,,נודלס סגנון סיני פיק,גרמים,70.00,100 גרם,false,,5.90,8.4286,true,1,24728
7290010259991,false,צנימים ויליפוד 250גר,קריות זול,,צנימים ויליפוד 250גר,גרמים,250.00,100 גרם,false,,8.50,3.4000,true,1,68148
7290010328093,false,ממרח חלבה 400גר,,,ממרח חלבה 400גר,גרמים,400.00,100 גרם,false,,10.90,2.7250,true,1,56000
7290010328246,false,טחינה משומשום מלא 50,,,טחינה משומשום מלא 50,גרמים,500.00,100 גרם,false,,12.90,2.5800,true,1,65352
7290010328253,false,טחינה גולמית 500 גרם,,,טחינה גולמית 500 גרם,גרמים,500.00,100 גרם,false,,11.90,2.3800,true,1,47717
7290010328468,false,חטיפי מיני חלבה ב3 ט,,,חטיפי מיני חלבה ב3 ט,גרמים,216.00,100 גרם,false,,12.90,5.9722,true,1,68016
7290010328505,false,חטיפי מיני חלבה ללא,,,חטיפי מיני חלבה ללא,יח',15.00,יח',false,,12.90,0.8600,true,1,69806
7290010328680,false,עוגת שוקולד עם שוקוצ,,,עוגת שוקולד עם שוקוצ,גרמים,450.00,100 גרם,false,,10.90,2.4222,true,1,73972
7290010328710,false,קצפיות במגש 180גר,,,קצפיות במגש 180גר,גרמים,180.00,100 גרם,false,,10.90,6.0556,true,1,74596
7290010328734,false,ממרח טחינה עם סילאן,,,ממרח טחינה עם סילאן,גרמים,400.00,100 גרם,false,,10.90,2.7250,true,1,76699
7290010328819,false,ממרח טחינה עם שוקולד,,,ממרח טחינה עם שוקולד,גרמים,400.00,100 גרם,false,,10.90,2.7250,true,1,90123
7290010328901,false,מאפין בטעם וניל 45גר,,,מאפין בטעם וניל 45גר,גרמים,45.00,100 גרם,false,,3.20,7.1111,true,1,92759
7290010429554,false,שמן זית כתית מעולה2,קריות זול,,שמן זית כתית מעולה2,מיליליטרים,750.00,"100 מ""ל",false,,36.90,4.9200,true,1,27452
7290010454051,false,מפיות טרנדי תלת-שכבת,,,מפיות טרנדי תלת-שכבת,יחידה,0.00,יחידה,false,,7.50,0.0000,true,1,56508
7290010471669,false,דנונה בר תות קורנפלק,קריות זול,,דנונה בר תות קורנפלק,גרמים,173.00,100 גרם,false,,4.80,2.7746,true,1,30822
7290010513703,false,מקלות צ'ופסטיקס 20יח,,,מקלות צ'ופסטיקס 20יח,יחידה,0.00,יחידה,false,,7.90,0.0000,true,1,40357
7290010513727,false,פירורי לחם פנקו 200ג,,,פירורי לחם פנקו 200ג,גרמים,200.00,100 גרם,false,,9.90,4.9500,true,1,67776
7290010546053,false,גרנולה ללא תוספת סוכ,,,גרנולה ללא תוספת סוכ,גרמים,400.00,100 גרם,false,,19.90,4.9750,true,1,106449
7290010561032,false,ברילי תערובת להכנת פ,,,ברילי תערובת להכנת פ,גרמים,400.00,100 גרם,false,,19.90,4.9750,true,1,135978
7290010609550,false,טרופי קש 20 יח,,,טרופי קש 20 יח,יחידה,0.00,יחידה,false,,27.90,0.0000,true,1,54833
7290010613953,false,דלי מטליות לניקוי וח,,,דלי מטליות לניקוי וח,יחידה,0.00,יחידה,false,,10.90,0.0000,true,1,137210
7290010711123,false,"ננס רביעיה ""שייני""",,,"ננס רביעיה ""שייני""",יחידה,0.00,יחידה,false,,7.90,0.0000,true,1,43916
7290010711208,false,מטליות שיאני בגליל,,,מטליות שיאני בגליל,יח',33.00,יח',false,,18.90,0.5727,true,1,41850
7290010711437,false,4 סרטי קרצוף לניקוי,,,4 סרטי קרצוף לניקוי,יחידה,0.00,יחידה,false,,10.90,0.0000,true,1,128909
7290010711932,false,מטליות רב שימושיות 9,,,מטליות רב שימושיות 9,יח',9.00,יח',false,,9.90,1.1000,true,1,56726
7290010718634,false,אל סבון לבן פנינה רו,,,אל סבון לבן פנינה רו,מיליליטרים,1000.00,"100 מ""ל",false,,11.90,1.1900,true,1,106271
7290010748853,false,קרם ידיים אפקטיב קר,,,קרם ידיים אפקטיב קר,מיליליטרים,150.00,"100 מ""ל",false,,10.90,7.2667,true,1,52076
7290010748884,false,קרם גוף אפקטיב טינטנ,,,קרם גוף אפקטיב טינטנ,מיליליטרים,700.00,"100 מ""ל",false,,33.90,4.8429,true,1,106033
7290010766185,false,רוטב לפסטה עגב ובזיל,,,רוטב לפסטה עגב ובזיל,גרמים,420.00,100 גרם,false,,13.90,3.3095,true,1,57161
7290010766307,false,רוטב לפסטה בולונז או,,,רוטב לפסטה בולונז או,גרמים,420.00,100 גרם,false,,15.90,3.7857,true,1,32722
7290010766697,false,רוטב שקשוקה אוליביה,קריות זול,,רוטב שקשוקה אוליביה,גרמים,415.00,100 גרם,false,,13.90,3.3494,true,1,40250
7290010766734,false,רוטב פיצה אוליביה 41,,,רוטב פיצה אוליביה 41,גרמים,415.00,100 גרם,false,,14.90,3.5904,true,1,43235
7290010766949,false,ממרח ארטישוק אוליביה,,,ממרח ארטישוק אוליביה,גרמים,180.00,100 גרם,false,,14.90,8.2778,true,1,50863
7290010766956,false,ממרח פלפלים מתוקים א,,,ממרח פלפלים מתוקים א,גרמים,180.00,100 גרם,false,,14.90,8.2778,true,1,50864
7290010778058,false,פסטה פטוצ'יני 500גר,,,פסטה פטוצ'יני 500גר,גרמים,500.00,100 גרם,false,,22.90,4.5800,true,1,72165
7290010778089,false,טורטליני גבינה 500גר,,,טורטליני גבינה 500גר,גרמים,500.00,100 גרם,false,,32.90,6.5800,true,1,72167
7290010778164,false,רביולי ריקוטה פטריות,,,רביולי ריקוטה פטריות,גרמים,500.00,100 גרם,false,,32.90,6.5800,true,1,72169
7290010778171,false,רביולי בטטה 500גר,,,רביולי בטטה 500גר,גרמים,500.00,100 גרם,false,,32.90,6.5800,true,1,72170
7290010778188,false,רביולי 4 גבינות 500ג,,,רביולי 4 גבינות 500ג,גרמים,500.00,100 גרם,false,,32.90,6.5800,true,1,72171
7290010778201,false,רוטב שמנת אלפרדו 240,,,רוטב שמנת אלפרדו 240,גרמים,240.00,100 גרם,false,,22.90,9.5417,true,1,72177
7290010778218,false,רוטב שמנת פטריות 240,,,רוטב שמנת פטריות 240,גרמים,240.00,100 גרם,false,,22.90,9.5417,true,1,72178
7290010778225,false,רוטב שמנת ועגבניות 2,,,רוטב שמנת ועגבניות 2,גרמים,240.00,100 גרם,false,,22.90,9.5417,true,1,72179
7290010778256,false,רביולי ריקוטה פרמזן,,,רביולי ריקוטה פרמזן,גרמים,500.00,100 גרם,false,,32.90,6.5800,true,1,72172
7290010778263,false,רביולי גבינות צאן 50,,,רביולי גבינות צאן 50,גרמים,500.00,100 גרם,false,,32.90,6.5800,true,1,72173
7290010778300,false,רביולי מוצרלה 500גר,,,רביולי מוצרלה 500גר,גרמים,500.00,100 גרם,false,,32.90,6.5800,true,1,72174
7290010778485,false,רוטב שמנת בטטה 240גר,,,רוטב שמנת בטטה 240גר,גרמים,240.00,100 גרם,false,,22.90,9.5417,true,1,72180
7290010839865,false,רכז רימונים 320 גר,,,רכז רימונים 320 גר,גרמים,320.00,100 גרם,false,,11.90,3.7188,true,1,39152
7290010883042,false,סנובון נוזלי תות 750,,,סנובון נוזלי תות 750,מיליליטרים,750.00,"100 מ""ל",false,,10.90,1.4533,true,1,39030
7290010903894,false,"שניצל תירס בד""ץ שף ה",,,"שניצל תירס בד""ץ שף ה",גרמים,500.00,100 גרם,false,,12.90,2.5800,true,1,139875
7290010922055,false,"ליצ'י קפוא בד""ץ 250",,,"ליצ'י קפוא בד""ץ 250",גרמים,250.00,100 גרם,false,,12.90,5.1600,true,1,140229
7290010922673,false,קרפציו עגל פרימיום 1,,,קרפציו עגל פרימיום 1,גרמים,140.00,100 גרם,false,,19.90,14.2143,true,1,139794
7290010922819,false,"מלון קפוא בד""ץ 250 ג",,,"מלון קפוא בד""ץ 250 ג",גרמים,250.00,100 גרם,false,,12.90,5.1600,true,1,140230
7290010922918,false,סטייק מינוט 250 גרם,,,סטייק מינוט 250 גרם,גרמים,250.00,100 גרם,false,,29.90,11.9600,true,1,136680
7290010931330,false,סלט מטבוחה אחלה 500ג,קריות זול,,סלט מטבוחה אחלה 500ג,גרמים,500.00,100 גרם,false,,15.90,3.1800,true,1,30857
7290010945450,false,גבינה לבנה מהדרין 3%,קריות זול,,גבינה לבנה מהדרין 3%,גרמים,250.00,100 גרם,false,,4.90,1.9600,true,1,33405
7290010945481,false,גבינה לבנה 5% 500גר,קריות זול,,גבינה לבנה 5% 500גר,גרמים,500.00,100 גרם,false,,9.96,1.9920,true,1,33407
7290010970254,false,חומץ בן יין לבן מונט,,,חומץ בן יין לבן מונט,מיליליטרים,500.00,"100 מ""ל",false,,17.90,3.5800,true,1,73202
7290011015862,false,סירופ דיאט לימונענע,,,סירופ דיאט לימונענע,מיליליטרים,750.00,"100 מ""ל",false,,24.90,3.3200,true,1,48985
7290011017866,false,קוקה קולה סליק 330מל,,,קוקה קולה סליק 330מל,מיליליטרים,330.00,"100 מ""ל",false,,6.70,2.0303,true,1,65126
7290011017873,false,קוקה קולה זירו סילק,,,קוקה קולה זירו סילק,מיליליטרים,330.00,"100 מ""ל",false,,6.70,2.0303,true,1,65127
7290011017880,false,קוקה קולה דיאט 330מל,,,קוקה קולה דיאט 330מל,מיליליטרים,330.00,"100 מ""ל",false,,6.70,2.0303,true,1,65128
7290011018832,false,קוקה קולה פחיות שישי,,,קוקה קולה פחיות שישי,מיליליטרים,1980.00,"100 מ""ל",false,,29.90,1.5101,true,1,67763
7290011018924,false,קוקה קולה דיאט פחיות,,,קוקה קולה דיאט פחיות,מיליליטרים,1980.00,"100 מ""ל",false,,29.90,1.5101,true,1,67765
7290011022457,false,תבנית 90 ארוז 8 ר2,,,תבנית 90 ארוז 8 ר2,יחידה,0.00,יחידה,false,,9.90,0.0000,true,1,120381
7290011022464,false,תבנית 210 ר99 ארוז 4,,,תבנית 210 ר99 ארוז 4,יחידה,0.00,יחידה,false,,9.90,0.0000,true,1,120382
7290011022495,false,תבנית 8A ארוז 10יח',,,תבנית 8A ארוז 10יח',יחידה,0.00,יחידה,false,,9.90,0.0000,true,1,120383
7290011022563,false,ניילון נצמד צר 150/3,,,ניילון נצמד צר 150/3,יחידה,0.00,יחידה,false,,17.90,0.0000,true,1,120392
7290011022938,false,תבנית 8B ארוז 15 ר29,,,תבנית 8B ארוז 15 ר29,יחידה,0.00,יחידה,false,,9.90,0.0000,true,1,120385
7290011022945,false,תבנית אינגליש ארוז 1,,,תבנית אינגליש ארוז 1,יחידה,0.00,יחידה,false,,9.90,0.0000,true,1,120386
7290011064020,false,בולגרית בעיר 200 גרם,,,בולגרית בעיר 200 גרם,גרמים,200.00,100 גרם,false,,13.90,6.9500,true,1,106058
7290011064075,false,לאבנה אבו גוש 200 גר,,,לאבנה אבו גוש 200 גר,גרמים,200.00,100 גרם,false,,13.90,6.9500,true,1,106059
7290011064099,false,פלפלוני שרי ממולא 12,,,פלפלוני שרי ממולא 12,גרמים,125.00,100 גרם,false,,19.90,15.9200,true,1,106060
7290011081690,false,קרמיסימו פרווה שוקו,קריות זול,,קרמיסימו פרווה שוקו,מיליליטרים,1330.00,"100 מ""ל",false,,21.90,1.6466,true,1,40564
7290011115241,false,נקה 7 סבון מוצק ארומ,,,נקה 7 סבון מוצק ארומ,גרמים,400.00,100 גרם,false,,11.90,2.9750,true,1,40035
7290011115296,false,נקה 7 סבון מוצק לחות,,,נקה 7 סבון מוצק לחות,גרמים,400.00,100 גרם,false,,11.90,2.9750,true,1,40040
7290011115401,false,נקה 7 סבון מוצק לבן,,,נקה 7 סבון מוצק לבן,גרמים,400.00,100 גרם,false,,11.90,2.9750,true,1,45712
7290011126209,false,תה תפוח וקינמון סייד,קריות זול,,תה תפוח וקינמון סייד,גרמים,55.00,100 גרם,false,,19.90,36.1818,true,1,31138
7290011126452,false,תה הגן הקסום קמומיל,קריות זול,,תה הגן הקסום קמומיל,גרמים,37.50,100 גרם,false,,19.90,53.0667,true,1,40167
7290011126469,false,תה קמומיל ודבש הגן ה,קריות זול,,תה קמומיל ודבש הגן ה,גרמים,37.50,100 גרם,false,,19.90,53.0667,true,1,40168
7290011132583,false,פפסי מקס 6*500מל,,,פפסי מקס 6*500מל,מיליליטרים,500.00,"100 מ""ל",false,,24.90,4.9800,true,1,140490
7290011133375,false,שנדי אפרסק שישייה 6*,,,שנדי אפרסק שישייה 6*,מיליליטרים,1980.00,"100 מ""ל",false,,39.90,2.0152,true,1,46630
7290011148805,false,שעועית טריה עד 500 ג,,,שעועית טריה עד 500 ג,גרמים,500.00,100 גרם,false,,14.90,2.9800,true,1,141091
7290011153885,false,נייר אכיל לקישוט עוג,,,נייר אכיל לקישוט עוג,יחידה,0.00,יחידה,false,,15.90,0.0000,true,1,28687
7290011164546,false,סוכריות טופי אטומיק,,,סוכריות טופי אטומיק,גרמים,600.00,100 גרם,false,,15.90,2.6500,true,1,69888
7290011174040,false,גזר ננסי 800גר,,,גזר ננסי 800גר,גרמים,800.00,100 גרם,false,,10.90,1.3625,true,1,27769
7290011174323,false,ציפס אמריקאי קפוא 1.,,,ציפס אמריקאי קפוא 1.,גרמים,1500.00,100 גרם,false,,22.90,1.5267,true,1,40098
7290011174866,false,צ'יפס בטטה קפוא 700ג,,,צ'יפס בטטה קפוא 700ג,גרמים,700.00,100 גרם,false,,15.90,2.2714,true,1,102987
7290011174897,false,אפונה עדינה 600גר,,,אפונה עדינה 600גר,גרמים,600.00,100 גרם,false,,10.90,1.8167,true,1,92237
7290011194215,false,דניאלה בננה 150מל,קריות זול,,דניאלה בננה 150מל,מיליליטרים,150.00,"100 מ""ל",false,,4.30,2.8667,true,1,30891
7290011223038,false,עלים לקרמשניט 300גר,,,עלים לקרמשניט 300גר,גרמים,400.00,100 גרם,false,,16.90,4.2250,true,1,51049
7290011223229,false,טואלט דאק ג'ל אסלה נ,קריות זול,,טואלט דאק ג'ל אסלה נ,מיליליטרים,55.00,"100 מ""ל",false,,9.90,18.0000,true,1,25555
7290011239404,false,חטיפי מחרום 330גרם,,,חטיפי מחרום 330גרם,גרמים,330.00,100 גרם,false,,15.90,4.8182,true,1,136632
7290011254346,false,קינואה מיה 1קג,,,קינואה מיה 1קג,גרמים,1000.00,100 גרם,false,,19.90,1.9900,true,1,138566
7290011332983,false,*מבצע* מגבונאף קמיל,,,*מבצע* מגבונאף קמיל,יחידה,0.00,יחידה,false,,22.90,0.0000,true,1,86850
7290011378769,false,בארכה חטיף חלבה וניל,,,בארכה חטיף חלבה וניל,גרמים,126.00,100 גרם,false,,13.90,11.0317,true,1,65678
7290011379018,false,פטריות צמד חמד איטלק,קריות זול,,פטריות צמד חמד איטלק,גרמים,500.00,100 גרם,false,,16.90,3.3800,true,1,47898
7290011431037,false,כוסות נייר 12 אוז 50,,,כוסות נייר 12 אוז 50,יחידה,0.00,יחידה,false,,19.90,0.0000,true,1,113562
7290011431341,false,מזלגות 100יח שמאי,,,מזלגות 100יח שמאי,יחידה,0.00,יחידה,false,,9.90,0.0000,true,1,102737
7290011431488,false,"אצטון 100 מ""ל",,,"אצטון 100 מ""ל",יחידה,0.00,יחידה,false,,4.90,0.0000,true,1,136496
7290011431853,false,מפות שמיניות עבה כתו,,,מפות שמיניות עבה כתו,יחידה,0.00,יחידה,false,,7.90,0.0000,true,1,120374
7290011435226,false,דבש מפרחי בר לחיץ 65,,,דבש מפרחי בר לחיץ 65,גרמים,650.00,100 גרם,false,,41.90,6.4462,true,1,48040
7290011447267,false,מטרנה חלבי שלב 1 700,,,מטרנה חלבי שלב 1 700,גרמים,700.00,100 גרם,false,,59.90,8.5571,true,1,41242
7290011447373,false,מטרנה מהדרין שלב 2 7,,,מטרנה מהדרין שלב 2 7,גרמים,700.00,100 גרם,false,,59.90,8.5571,true,1,42211
7290011447908,false,סופר קט עוף כבד 3קג,קריות זול,,סופר קט עוף כבד 3קג,קילוגרמים,3.00,"ק""ג",false,,54.90,18.3000,true,1,55289
7290011489281,false,קרם קרקר חיטה מלאה ע,,,קרם קרקר חיטה מלאה ע,גרמים,250.00,100 גרם,false,,7.50,3.0000,true,1,101760
7290011489533,false,בייגלה שמיניות עם מל,,,בייגלה שמיניות עם מל,גרמים,300.00,100 גרם,false,,6.90,2.3000,true,1,69779
7290011489540,false,בייגלה שמיניות עם שו,,,בייגלה שמיניות עם שו,גרמים,300.00,100 גרם,false,,6.90,2.3000,true,1,69780
7290011489595,false,קרקר טופז שומשום 110,,,קרקר טופז שומשום 110,גרמים,110.00,100 גרם,false,,3.90,3.5455,true,1,69414
7290011489601,false,קרקר טופז בצל 110גר,,,קרקר טופז בצל 110גר,גרמים,110.00,100 גרם,false,,3.90,3.5455,true,1,69415
7290011499051,false,פטה כבשים גביע 20% 2,,,פטה כבשים גביע 20% 2,גרמים,250.00,100 גרם,false,,28.90,11.5600,true,1,39263
7290011499105,false,בולגרית 5% 250גר מחל,קריות זול,,בולגרית 5% 250גר מחל,גרמים,250.00,100 גרם,false,,24.90,9.9600,true,1,19952
7290011499112,false,בולגרית 16% 250גר מח,,,בולגרית 16% 250גר מח,גרמים,250.00,100 גרם,false,,24.90,9.9600,true,1,45140
7290011499129,false,בולגרית מעודנת קוביו,קריות זול,,בולגרית מעודנת קוביו,גרמים,200.00,100 גרם,false,,24.90,12.4500,true,1,19954
7290011499303,false,בולגרית עיזים מעודנת,,,בולגרית עיזים מעודנת,גרמים,250.00,100 גרם,false,,31.90,12.7600,true,1,43101
7290011499327,false,בולגרית בקר מעודנת 2,,,בולגרית בקר מעודנת 2,גרמים,250.00,100 גרם,false,,24.90,9.9600,true,1,43103
7290011499341,false,גבינה קאשקבל מחלבות,,,גבינה קאשקבל מחלבות,גרמים,250.00,100 גרם,false,,27.70,11.0800,true,1,43960
7290011499358,false,פטה עיזים 200גר מחלב,,,פטה עיזים 200גר מחלב,גרמים,200.00,100 גרם,false,,29.90,14.9500,true,1,43961
7290011499365,false,גבינת חלומי מחלבות ג,,,גבינת חלומי מחלבות ג,גרמים,200.00,100 גרם,false,,23.90,11.9500,true,1,43965
7290011499419,false,קרם שמנת ניו יורק טב,,,קרם שמנת ניו יורק טב,גרמים,200.00,100 גרם,false,,13.90,6.9500,true,1,97683
7290011499525,false,לאבנה דרוזית 9% 500ג,,,לאבנה דרוזית 9% 500ג,גרמים,500.00,100 גרם,false,,20.80,4.1600,true,1,47553
7290011499624,false,גבינת שמנת ניו יורק,,,גבינת שמנת ניו יורק,גרמים,200.00,100 גרם,false,,13.90,6.9500,true,1,50388
7290011499846,false,ריקוטה פרסקה 300גר מ,,,ריקוטה פרסקה 300גר מ,גרמים,300.00,100 גרם,false,,18.90,6.3000,true,1,61718
7290011499853,false,גבינת שמנת ניו יורק,,,גבינת שמנת ניו יורק,גרמים,200.00,100 גרם,false,,13.90,6.9500,true,1,67521
7290011501617,false,חמוציות דל סוכר 250ג,,,חמוציות דל סוכר 250ג,גרמים,250.00,100 גרם,false,,16.90,6.7600,true,1,70960
7290011514105,false,מסנן כיור סיליקון,,,מסנן כיור סיליקון,יחידה,0.00,יחידה,false,,14.90,0.0000,true,1,76383
7290011514273,false,וואקום ירח סגור,,,וואקום ירח סגור,יחידה,0.00,יחידה,false,,9.90,0.0000,true,1,76384
7290011514709,false,מתלים וואקום זוג,,,מתלים וואקום זוג,יחידה,0.00,יחידה,false,,9.90,0.0000,true,1,106686
7290011514761,false,סיכות ביטחון 3 גדלים,,,סיכות ביטחון 3 גדלים,יחידה,0.00,יחידה,false,,6.90,0.0000,true,1,134127
7290011514990,false,מספריים איכותיות,,,מספריים איכותיות,יחידה,0.00,יחידה,false,,10.90,0.0000,true,1,76388
7290011515683,false,מאגדת אקסטרים וניל 6,,,מאגדת אקסטרים וניל 6,יחידה,0.00,יחידה,false,,35.90,0.0000,true,1,26959
7290011515911,false,מאגדת לייט ריבת חלב,,,מאגדת לייט ריבת חלב,גרמים,312.00,100 גרם,false,,29.90,9.5833,true,1,46014
7290011518561,false,אקטימל תות משפחתי 14,קריות זול,,אקטימל תות משפחתי 14,מיליליטרים,1400.00,"100 מ""ל",false,,32.90,2.3500,true,1,30965
7290011524555,false,שעועית לבנה אפויה 80,,,שעועית לבנה אפויה 80,גרמים,800.00,100 גרם,false,,10.90,1.3625,true,1,92239
7290011525712,false,קמיל בלו סנסיטיב לפנ,,,קמיל בלו סנסיטיב לפנ,מיליליטרים,1000.00,"100 מ""ל",false,,33.90,3.3900,true,1,86853
7290011530358,false,שייק איט פירות קפואי,,,שייק איט פירות קפואי,גרמים,450.00,100 גרם,false,,29.90,6.6444,true,1,128439
7290011530488,false,שייק איט פירות קפואי,,,שייק איט פירות קפואי,גרמים,450.00,100 גרם,false,,29.90,6.6444,true,1,128440
7290011530525,false,שייק איט פירות קפואי,,,שייק איט פירות קפואי,גרמים,450.00,100 גרם,false,,29.90,6.6444,true,1,120458
7290011530549,false,שייק איט פירות קפואי,,,שייק איט פירות קפואי,גרמים,450.00,100 גרם,false,,29.90,6.6444,true,1,120460
7290011530730,false,שייק איט פירות קפואי,,,שייק איט פירות קפואי,גרמים,450.00,100 גרם,false,,29.90,6.6444,true,1,120461
7290011575007,false,הפי מרסס לאמבט 750 מ,,,הפי מרסס לאמבט 750 מ,מיליליטרים,750.00,"100 מ""ל",false,,19.90,2.6533,true,1,26881
7290011587079,false,חרדל דיז'ון גרגרים 3,,,חרדל דיז'ון גרגרים 3,גרמים,370.00,100 גרם,false,,9.90,2.6757,true,1,71068
7290011587710,false,צלפים בחומץ 350גר,,,צלפים בחומץ 350גר,גרמים,350.00,100 גרם,false,,10.90,3.1143,true,1,78297
7290011587758,false,נודלס דק  200 גרם,,,נודלס דק  200 גרם,גרמים,200.00,100 גרם,false,,6.90,3.4500,true,1,138734
7290011587826,false,חרדל דיז'ון 370 גר,,,חרדל דיז'ון 370 גר,גרמים,370.00,100 גרם,false,,9.90,2.6757,true,1,71069
7290011587833,false,עגבניות חצויות מיובש,,,עגבניות חצויות מיובש,גרמים,340.00,100 גרם,false,,12.90,3.7941,true,1,92460
7290011587857,false,עגבניות מיובשות מתוב,,,עגבניות מיובשות מתוב,גרמים,250.00,100 גרם,false,,9.90,3.9600,true,1,92443
7290011598211,false,סנו אנטי קאלק ניקוי,,,סנו אנטי קאלק ניקוי,מיליליטרים,700.00,"100 מ""ל",false,,19.90,2.8429,true,1,39866
7290011607180,false,קולון 101כתמים אבקת,,,קולון 101כתמים אבקת,קילוגרמים,1.25,"ק""ג",false,,10.90,8.7200,true,1,31657
7290011607197,false,קולון 101כתמים אבקת,,,קולון 101כתמים אבקת,קילוגרמים,5.00,"ק""ג",false,,34.90,6.9800,true,1,31658
7290011668587,false,גרנולה טעם עשיר פנינ,,,גרנולה טעם עשיר פנינ,גרמים,500.00,100 גרם,false,,29.90,5.9800,true,1,106284
7290011765088,false,קרמה גל גילוח קול 20,קריות זול,,קרמה גל גילוח קול 20,מיליליטרים,200.00,"100 מ""ל",false,,13.90,6.9500,true,1,40184
7290011765446,false,אורביטול משחת שיניים,,,אורביטול משחת שיניים,גרמים,70.00,100 גרם,false,,7.90,11.2857,true,1,39290
7290011877156,false,סנו פרש ענק מאסק 375,,,סנו פרש ענק מאסק 375,מיליליטרים,375.00,"100 מ""ל",false,,11.90,3.1733,true,1,43285
7290011877859,false,*מבצע* סנו אינסטלטור,,,*מבצע* סנו אינסטלטור,גרמים,200.00,100 גרם,false,,10.90,5.4500,true,1,44501
7290011877866,false,סנו מקסימה מאסק אבקת,,,סנו מקסימה מאסק אבקת,קילוגרמים,6.00,"ק""ג",false,,49.90,8.3167,true,1,43755
7290011885007,false,פקאן סיני 200גר,,,פקאן סיני 200גר,גרמים,200.00,100 גרם,false,,22.90,11.4500,true,1,45790
7290011947743,false,מיקס זית ירוק וזית ק,,,מיקס זית ירוק וזית ק,גרמים,215.00,100 גרם,false,,14.90,6.9302,true,1,128845
7290011947781,false,מיקס זית ירוק/קלמטה,,,מיקס זית ירוק/קלמטה,גרמים,215.00,100 גרם,false,,14.90,6.9302,true,1,134809
7290011964344,false,שום גבישי 120גר,,,שום גבישי 120גר,גרמים,120.00,100 גרם,false,,12.90,10.7500,true,1,52004
7290011964542,false,פפריקה מתוקה 400גר,,,פפריקה מתוקה 400גר,גרמים,400.00,100 גרם,false,,23.90,5.9750,true,1,52014
7290011964603,false,כורכום 400גר,,,כורכום 400גר,גרמים,400.00,100 גרם,false,,23.90,5.9750,true,1,52025
7290011964627,false,פפריקה מתוקה בשמן 40,,,פפריקה מתוקה בשמן 40,גרמים,400.00,100 גרם,false,,23.90,5.9750,true,1,52027
7290011964658,false,מלח לימון 170גר,,,מלח לימון 170גר,גרמים,170.00,100 גרם,false,,10.90,6.4118,true,1,52016
7290011964689,false,תיבול על האש ללא מונ,,,תיבול על האש ללא מונ,גרמים,100.00,100 גרם,false,,10.90,10.9000,true,1,52017
7290011964702,false,תיבול לשווארמה ללא מ,,,תיבול לשווארמה ללא מ,גרמים,100.00,100 גרם,false,,10.90,10.9000,true,1,52018
7290012001994,false,חרדל דיזון גרעינים 3,,,חרדל דיזון גרעינים 3,גרמים,350.00,100 גרם,false,,14.90,4.2571,true,1,50591
7290012019272,false,"מחית תפו""ע עם קינמון",,,"מחית תפו""ע עם קינמון",גרמים,452.00,100 גרם,false,,12.90,2.8540,true,1,48731
7290012022203,false,קליליות (פריכיות) חי,,,קליליות (פריכיות) חי,גרמים,100.00,100 גרם,false,,15.90,15.9000,true,1,70988
7290012022227,false,קליליות (פריכיות) חי,,,קליליות (פריכיות) חי,גרמים,100.00,100 גרם,false,,13.90,13.9000,true,1,70989
7290012022272,false,קליליות קידס 30גר,,,קליליות קידס 30גר,גרמים,30.00,100 גרם,false,,12.90,43.0000,true,1,93610
7290012025822,false,סלק אסלי 400גר,,,סלק אסלי 400גר,גרמים,400.00,100 גרם,false,,14.90,3.7250,true,1,74283
7290012025839,false,מטבוחה אסלי 400גר,,,מטבוחה אסלי 400גר,גרמים,400.00,100 גרם,false,,14.90,3.7250,true,1,74284
7290012086113,false,שרי קלמר ארוז 450 גר,,,שרי קלמר ארוז 450 גר,גרמים,450.00,100 גרם,false,,9.90,2.2000,true,1,106703
7290012116360,false,פוליויקס גרניט פורצל,קריות זול,,פוליויקס גרניט פורצל,ליטרים,2.00,ליטר,false,,23.90,11.9500,true,1,43756
7290012116537,false,אבקת מקסימה 2.5 קג מ,,,אבקת מקסימה 2.5 קג מ,קילוגרמים,2.50,"ק""ג",false,,25.90,10.3600,true,1,94569
7290012117039,false,נוזל 00 לאמבטיה 1ליט,,,נוזל 00 לאמבטיה 1ליט,מיליליטרים,1000.00,"100 מ""ל",false,,8.90,0.8900,true,1,46206
7290012117091,false,סנו מקסימה אבקת כביס,,,סנו מקסימה אבקת כביס,קילוגרמים,6.00,"ק""ג",false,,49.90,8.3167,true,1,46207
7290012117411,false,קרמה גל רחצה לגבר במ,,,קרמה גל רחצה לגבר במ,מיליליטרים,700.00,"100 מ""ל",false,,17.90,2.5571,true,1,46658
7290012117428,false,קרמה שמפו גל רחצה לג,,,קרמה שמפו גל רחצה לג,מיליליטרים,700.00,"100 מ""ל",false,,17.90,2.5571,true,1,46665
7290012117916,false,סנו אינסטלטור נוזל 1,,,סנו אינסטלטור נוזל 1,מיליליטרים,1000.00,"100 מ""ל",false,,29.90,2.9900,true,1,48712
7290012139567,false,בונזו ג'וי ביסקוויט,,,בונזו ג'וי ביסקוויט,גרמים,90.00,100 גרם,false,,17.90,19.8889,true,1,98376
7290012191886,false,גפרור ענק,,,גפרור ענק,יחידה,0.00,יחידה,false,,7.90,0.0000,true,1,112757
7290012193125,false,סוכרלוז מרמולייט 150,,,סוכרלוז מרמולייט 150,יח',150.00,יח',false,,35.90,0.2393,true,1,48228
7290012226014,false,נקניקיות וינר זוגלוב,,,נקניקיות וינר זוגלוב,גרמים,800.00,100 גרם,false,,23.90,2.9875,true,1,50317
7290012226021,false,*מבצע* סלמי מעושן פר,,,*מבצע* סלמי מעושן פר,גרמים,400.00,100 גרם,false,,16.90,4.2250,true,1,49578
7290012226120,false,קבנוס זוגלובק 135גר,,,קבנוס זוגלובק 135גר,גרמים,135.00,100 גרם,false,,12.90,9.5556,true,1,51498
7290012226922,false,קבנוס בטעם שום זוגלו,,,קבנוס בטעם שום זוגלו,גרמים,135.00,100 גרם,false,,12.90,9.5556,true,1,52982
7290012226939,false,קבנוס בטעם צילי זוגל,,,קבנוס בטעם צילי זוגל,גרמים,135.00,100 גרם,false,,12.90,9.5556,true,1,52983
7290012226991,false,*מבצע* נקניקיות בארי,,,*מבצע* נקניקיות בארי,גרמים,1000.00,100 גרם,false,,28.90,2.8900,true,1,119037
7290012227325,false,סלמי מעושן דק דק 120,,,סלמי מעושן דק דק 120,גרמים,120.00,100 גרם,false,,14.90,12.4167,true,1,96102
7290012227400,false,נקניקיות עוף זוגלובק,,,נקניקיות עוף זוגלובק,גרמים,800.00,100 גרם,false,,23.90,2.9875,true,1,70671
7290012227912,false,קבנוס מעודן זוגלובק,,,קבנוס מעודן זוגלובק,גרמים,135.00,100 גרם,false,,12.90,9.5556,true,1,76932
7290012227974,false,פסטרמה בדבש דק דק 12,,,פסטרמה בדבש דק דק 12,גרמים,120.00,100 גרם,false,,14.90,12.4167,true,1,96103
7290012227981,false,פסטרמה ברביקיו דק דק,,,פסטרמה ברביקיו דק דק,גרמים,120.00,100 גרם,false,,14.90,12.4167,true,1,96104
7290012227998,false,חזה בקר דק דק 120גר,,,חזה בקר דק דק 120גר,גרמים,120.00,100 גרם,false,,14.90,12.4167,true,1,96105
7290012228261,false,נקניקיות הודו פרמיום,,,נקניקיות הודו פרמיום,גרמים,300.00,100 גרם,false,,19.90,6.6333,true,1,98436
7290012228278,false,נקניקיות הודו בקר רי,,,נקניקיות הודו בקר רי,גרמים,310.00,100 גרם,false,,19.90,6.4194,true,1,98437
7290012228704,false,נקניקיות סוסג' ספרדי,,,נקניקיות סוסג' ספרדי,גרמים,300.00,100 גרם,false,,19.90,6.6333,true,1,99005
7290012245312,false,גולד ציפס אמריקאי 1.,,,גולד ציפס אמריקאי 1.,קילוגרמים,1.50,"ק""ג",false,,21.90,14.6000,true,1,111937
7290012245329,false,גולד צ'יפס קלאסי1.5,,,גולד צ'יפס קלאסי1.5,גרמים,1500.00,100 גרם,false,,21.90,1.4600,true,1,111938
7290012245336,false,גולד סטייק צ'יפס -1.,,,גולד סטייק צ'יפס -1.,גרמים,1500.00,100 גרם,false,,21.90,1.4600,true,1,111939
7290012247002,false,כרעיים עוף טרי ארוז,,,כרעיים עוף טרי ארוז,קילוגרמים,1.00,"ק""ג",true,,29.90,29.9000,true,1,137399
7290012247019,false,עוף שלם טרי ארוז,,,עוף שלם טרי ארוז,קילוגרמים,1.00,"ק""ג",true,,20.90,20.9000,true,1,137395
7290012247026,false,פילה עוף טרי ארוז,,,פילה עוף טרי ארוז,קילוגרמים,1.00,"ק""ג",true,,39.90,39.9000,true,1,137417
7290012247040,false,כבד עוף טרי ארוז לצל,,,כבד עוף טרי ארוז לצל,קילוגרמים,1.00,"ק""ג",true,,24.90,24.9000,true,1,137408
7290012247057,false,לב עוף טרי ארוז,,,לב עוף טרי ארוז,קילוגרמים,1.00,"ק""ג",true,,34.90,34.9000,true,1,137409
7290012247064,false,כנפיים עוף טרי ארוז,,,כנפיים עוף טרי ארוז,קילוגרמים,1.00,"ק""ג",true,,12.90,12.9000,true,1,137418
7290012247071,false,פרגיות טרי ארוז,,,פרגיות טרי ארוז,קילוגרמים,1.00,"ק""ג",true,,69.90,69.9000,true,1,137406
7290012247088,false,שניצל עוף טרי ארוז,,,שניצל עוף טרי ארוז,קילוגרמים,1.00,"ק""ג",true,,44.90,44.9000,true,1,137419
7290012247101,false,שוקיים עוף טרי ארוז,,,שוקיים עוף טרי ארוז,קילוגרמים,1.00,"ק""ג",true,,37.90,37.9000,true,1,137403
7290012247118,false,פרגיות טרי ארוז,,,פרגיות טרי ארוז,קילוגרמים,1.00,"ק""ג",true,,69.90,69.9000,true,1,137411
7290012247125,false,ירכיים עוף טרי ארוז,,,ירכיים עוף טרי ארוז,קילוגרמים,1.00,"ק""ג",true,,29.90,29.9000,true,1,137404
7290012309311,false,ערמונים קלופים שלמים,,,ערמונים קלופים שלמים,גרמים,100.00,100 גרם,false,,6.90,6.9000,true,1,70113
7290012313141,false,פרוסות מלפפון במלח 5,,,פרוסות מלפפון במלח 5,גרמים,540.00,100 גרם,false,,6.50,1.2037,true,1,57196
7290012404955,false,ספרינג קולקשיין נקטר,,,ספרינג קולקשיין נקטר,מיליליטרים,1250.00,"100 מ""ל",false,,13.90,1.1120,true,1,51922
7290012413636,false,תה ירוק מסאלה 25יח,,,תה ירוק מסאלה 25יח,גרמים,1500.00,100 גרם,false,,26.90,1.7933,true,1,57367
7290012413643,false,תה ירוק קמומיל 25יח,,,תה ירוק קמומיל 25יח,יח',25.00,יח',false,,26.90,1.0760,true,1,65215
7290012459726,false,עמבה פרימיום 500 גרם,,,עמבה פרימיום 500 גרם,גרמים,500.00,100 גרם,false,,10.90,2.1800,true,1,137759
7290012561337,false,דורות כורכום טרי כתו,קריות זול,,דורות כורכום טרי כתו,גרמים,70.00,100 גרם,false,,12.90,18.4286,true,1,100098
7290012561405,false,בצל חצי מטוגן דורות,,,בצל חצי מטוגן דורות,גרמים,180.00,100 גרם,false,,12.90,7.1667,true,1,56958
7290012576607,false,יין פרימייר אדום קבר,,,יין פרימייר אדום קבר,מיליליטרים,750.00,"100 מ""ל",false,,29.90,3.9867,true,1,70557
7290012576614,false,יין פרימייר לבן ריזל,,,יין פרימייר לבן ריזל,מיליליטרים,750.00,"100 מ""ל",false,,29.90,3.9867,true,1,70558
7290012642036,false,פסטה לה פסטה 5 ספגטי,,,פסטה לה פסטה 5 ספגטי,גרמים,400.00,100 גרם,false,,5.90,1.4750,true,1,76666
7290012645068,false,*מבצע* ישראלה גבינה,,,*מבצע* ישראלה גבינה,גרמים,180.00,100 גרם,false,,20.00,11.1111,true,1,140836
7290012645112,false,יוגורט עיזים בדלי 75,,,יוגורט עיזים בדלי 75,מיליליטרים,750.00,"100 מ""ל",false,,21.90,2.9200,true,1,91672
7290012645129,false,יוגורט כבשים 750מל ב,,,יוגורט כבשים 750מל ב,מיליליטרים,750.00,"100 מ""ל",false,,21.90,2.9200,true,1,91673
7290012645297,false,יוגורט עיזים בטעם טב,,,יוגורט עיזים בטעם טב,גרמים,150.00,100 גרם,false,,5.90,3.9333,true,1,72768
7290012665059,false,קובה למרק חמים וטעים,,,קובה למרק חמים וטעים,גרמים,400.00,100 גרם,false,,16.90,4.2250,true,1,68770
7290012697081,false,סוכרזית מהטבע סטיווי,,,סוכרזית מהטבע סטיווי,יחידה,0.00,יחידה,false,,34.90,0.0000,true,1,95867
7290012803352,false,רייד תרסיס קוטל מעופ,,,רייד תרסיס קוטל מעופ,מיליליטרים,300.00,"100 מ""ל",false,,13.90,4.6333,true,1,51353
7290012803772,false,שוקולד טוסו חלב 100ג,,,שוקולד טוסו חלב 100ג,גרמים,100.00,100 גרם,false,,13.50,13.5000,true,1,64142
7290012803796,false,שוקולד טוסו חלב ואגו,,,שוקולד טוסו חלב ואגו,גרמים,100.00,100 גרם,false,,13.50,13.5000,true,1,64144
7290012823237,false,קרמה תחליב רחצה בריז,,,קרמה תחליב רחצה בריז,מיליליטרים,700.00,"100 מ""ל",false,,18.90,2.7000,true,1,128049
7290012823374,false,מגבוני אנטי קאלק 50י,,,מגבוני אנטי קאלק 50י,יח',50.00,יח',false,,13.90,0.2780,true,1,51644
7290012823381,false,סנו מקסימה ורוד סנסט,,,סנו מקסימה ורוד סנסט,מיליליטרים,1000.00,"100 מ""ל",false,,18.90,1.8900,true,1,50301
7290012823398,false,מטליות לחות לרצפה בנ,,,מטליות לחות לרצפה בנ,יחידה,0.00,יחידה,false,,13.90,0.0000,true,1,135175
7290012823541,false,מטליות לחות לרצפה בנ,,,מטליות לחות לרצפה בנ,יחידה,0.00,יחידה,false,,13.90,0.0000,true,1,130022
7290012823602,false,סופט סילק נייר טואלט,,,סופט סילק נייר טואלט,גרמים,1950.00,100 גרם,false,,34.90,1.7897,true,1,52364
7290012850035,false,בלאבד מחית תפוח ואפר,,,בלאבד מחית תפוח ואפר,גרמים,190.00,100 גרם,false,,5.90,3.1053,true,1,70232
7290012850073,false,בלאבד מחית סלט פירות,,,בלאבד מחית סלט פירות,גרמים,190.00,100 גרם,false,,5.90,3.1053,true,1,70236
7290012881992,false,נוזל שמשות סאסאטק 4,,,נוזל שמשות סאסאטק 4,ליטרים,4.00,ליטר,false,,10.90,2.7250,true,1,91679
7290012901355,false,פסטה מקרוני עם גבינה,,,פסטה מקרוני עם גבינה,גרמים,206.00,100 גרם,false,,12.90,6.2621,true,1,72392
7290012921025,false,בירה מלכה בוטיק בהיר,,,בירה מלכה בוטיק בהיר,מיליליטרים,330.00,"100 מ""ל",false,,14.90,4.5152,true,1,76685
7290012921032,false,בירה מלכה בוטיק אדמו,,,בירה מלכה בוטיק אדמו,מיליליטרים,330.00,"100 מ""ל",false,,14.90,4.5152,true,1,76686
7290012931611,false,כריות ברזל 3יח,,,כריות ברזל 3יח,יח',3.00,יח',false,,7.90,2.6333,true,1,65387
7290012938405,false,דאיימונד נייר כסף 87,,,דאיימונד נייר כסף 87,מטרים,0.45,מטר,false,,21.90,48.6667,true,1,54842
7290012938580,false,סנסודיין משחת שיניים,,,סנסודיין משחת שיניים,מיליליטרים,75.00,"100 מ""ל",false,,21.90,29.2000,true,1,62716
7290012938740,false,סנסודיין משחת שיניים,,,סנסודיין משחת שיניים,מיליליטרים,75.00,"100 מ""ל",false,,21.90,29.2000,true,1,65005
7290012996450,false,הפי מרכך כביסה מרוכז,,,הפי מרכך כביסה מרוכז,מיליליטרים,1000.00,"100 מ""ל",false,,10.90,1.0900,true,1,52836
7290013031051,false,אורז יסמין לבן שוקחה,,,אורז יסמין לבן שוקחה,גרמים,5000.00,100 גרם,false,,29.90,0.5980,true,1,90502
7290013038432,false,מים אקווה נובה 2 ליט,,,מים אקווה נובה 2 ליט,מיליליטרים,2000.00,"100 מ""ל",false,,4.20,0.2100,true,1,99056
7290013083661,false,מטרנה אקסטרא קר שלב,,,מטרנה אקסטרא קר שלב,גרמים,700.00,100 גרם,false,,59.90,8.5571,true,1,51357
7290013083678,false,מטרנה אקסטרא קר שלב,,,מטרנה אקסטרא קר שלב,גרמים,700.00,100 גרם,false,,59.90,8.5571,true,1,51358
7290013083685,false,מטרנה אקסטרא קר שלב,,,מטרנה אקסטרא קר שלב,גרמים,700.00,100 גרם,false,,59.90,8.5571,true,1,51359
7290013117212,false,בורקס פילו גבינה מעד,,,בורקס פילו גבינה מעד,גרמים,600.00,100 גרם,false,,21.90,3.6500,true,1,49568
7290013117229,false,בורקס פילו תפוא מעדנ,,,בורקס פילו תפוא מעדנ,גרמים,600.00,100 גרם,false,,21.90,3.6500,true,1,49569
7290013117236,false,בורקס פילו פיצה מעדנ,,,בורקס פילו פיצה מעדנ,גרמים,600.00,100 גרם,false,,21.90,3.6500,true,1,49570
7290013117243,false,בורקס פילו בולגרית מ,,,בורקס פילו בולגרית מ,גרמים,600.00,100 גרם,false,,21.90,3.6500,true,1,49571
7290013117427,false,בצק פריך מרודד למאפי,,,בצק פריך מרודד למאפי,גרמים,900.00,100 גרם,false,,24.50,2.7222,true,1,56382
7290013224705,false,מגיק סלקט גל כביסה 3,,,מגיק סלקט גל כביסה 3,ליטרים,3.00,ליטר,false,,15.90,5.3000,true,1,56196
7290013268242,false,ריצפז פרש הום בניחוח,,,ריצפז פרש הום בניחוח,מיליליטרים,2000.00,"100 מ""ל",false,,24.90,1.2450,true,1,112360
7290013268884,false,ריצפז פרש מאסק 2ליטר,,,ריצפז פרש מאסק 2ליטר,ליטרים,2.00,ליטר,false,,21.90,10.9500,true,1,51634
7290013268891,false,סנו אוקסיגן 3ליטר,,,סנו אוקסיגן 3ליטר,מיליליטרים,3000.00,"100 מ""ל",false,,33.90,1.1300,true,1,52675
7290013268907,false,סנו מקסימה גל כביסה,,,סנו מקסימה גל כביסה,ליטרים,3.00,ליטר,false,,33.90,11.3000,true,1,52676
7290013268938,false,סנובון שלישיה מאסק 3,,,סנובון שלישיה מאסק 3,גרמים,195.00,100 גרם,false,,13.90,7.1282,true,1,52677
7290013268990,false,סנו מקסימה ביו 1ליטר,,,סנו מקסימה ביו 1ליטר,מיליליטרים,1000.00,"100 מ""ל",false,,18.90,1.8900,true,1,93802
7290013269096,false,מטליות לחות לטיפול ב,,,מטליות לחות לטיפול ב,יח',20.00,יח',false,,13.90,0.6950,true,1,70681
7290013269263,false,סנו מקסימה גל כביסה,,,סנו מקסימה גל כביסה,ליטרים,3.00,ליטר,false,,33.90,11.3000,true,1,55671
7290013269287,false,סנו מקסימה גל כביסה,,,סנו מקסימה גל כביסה,ליטרים,3.00,ליטר,false,,33.90,11.3000,true,1,63649
7290013269621,false,ריצפז פרש הום בניחוח,,,ריצפז פרש הום בניחוח,ליטרים,2.00,ליטר,false,,24.90,12.4500,true,1,98773
7290013269638,false,סנו סושי ספוג הפלא א,,,סנו סושי ספוג הפלא א,יחידה,0.00,יחידה,false,,11.90,0.0000,true,1,67016
7290013269645,false,מטליות לחות ריצפז פר,,,מטליות לחות ריצפז פר,יחידה,0.00,יחידה,false,,13.90,0.0000,true,1,68117
7290013269751,false,ריצפז פרש הום מטליות,,,ריצפז פרש הום מטליות,יח',10.00,יח',false,,13.90,1.3900,true,1,99474
7290013269911,false,K - 333 -נמלים 750 מ,,,K - 333 -נמלים 750 מ,מיליליטרים,750.00,"100 מ""ל",false,,32.90,4.3867,true,1,56528
7290013284310,false,רוטב פסטה לילדים פרי,,,רוטב פסטה לילדים פרי,גרמים,240.00,100 גרם,false,,6.90,2.8750,true,1,98941
7290013284662,false,רוטב פיצה פריניר 240,,,רוטב פיצה פריניר 240,גרמים,240.00,100 גרם,false,,6.90,2.8750,true,1,98943
7290013358363,false,פירורי לחם פנקו מאסט,,,פירורי לחם פנקו מאסט,גרמים,300.00,100 גרם,false,,8.90,2.9667,true,1,67461
7290013358493,false,קרם קוקוס פחית מאסטר,,,קרם קוקוס פחית מאסטר,מיליליטרים,400.00,"100 מ""ל",false,,8.90,2.2250,true,1,90227
7290013358837,false,פריכיות מנה ללא מלח,,,פריכיות מנה ללא מלח,גרמים,264.00,100 גרם,false,,12.90,4.8864,true,1,134786
7290013430083,false,בירה אלכסנדר בלונד 3,,,בירה אלכסנדר בלונד 3,מיליליטרים,330.00,"100 מ""ל",false,,13.90,4.2121,true,1,77186
7290013430250,false,בירה אלכסנדר חיטה יש,,,בירה אלכסנדר חיטה יש,מיליליטרים,330.00,"100 מ""ל",false,,13.90,4.2121,true,1,136287
7290013430304,false,בירה אלכסנדר גרין  3,,,בירה אלכסנדר גרין  3,מיליליטרים,330.00,"100 מ""ל",false,,13.90,4.2121,true,1,136289
7290013440648,false,קרחוני אבטיח מאגדת נ,,,קרחוני אבטיח מאגדת נ,יחידה,0.00,יחידה,false,,26.90,0.0000,true,1,63665
7290013472199,false,ערמונים ויליפוד 100ג,,,ערמונים ויליפוד 100ג,גרמים,100.00,100 גרם,false,,7.90,7.9000,true,1,61951
7290013472908,false,הבולגריה בקוביות ויל,,,הבולגריה בקוביות ויל,גרמים,400.00,100 גרם,false,,22.90,5.7250,true,1,97104
7290013492005,false,"תפו""א למיקרו",,,"תפו""א למיקרו",יחידה,0.00,יחידה,false,,7.90,0.0000,true,1,74512
7290013525789,false,סלט עריסה מרוקאית שמ,,,סלט עריסה מרוקאית שמ,גרמים,150.00,100 גרם,false,,12.90,8.6000,true,1,74261
7290013525796,false,סלט סחוג תימני שמיר,,,סלט סחוג תימני שמיר,גרמים,150.00,100 גרם,false,,12.90,8.6000,true,1,74262
7290013525802,false,סלט סחוג אדום שמיר 1,,,סלט סחוג אדום שמיר 1,גרמים,150.00,100 גרם,false,,12.90,8.6000,true,1,74263
7290013531117,false,רוטב פסטה לילדים יכי,,,רוטב פסטה לילדים יכי,גרמים,240.00,100 גרם,false,,6.90,2.8750,true,1,55969
7290013531346,false,סירופ דיאט לימונענע,,,סירופ דיאט לימונענע,מיליליטרים,1000.00,"100 מ""ל",false,,16.90,1.6900,true,1,64501
7290013531377,false,תורמוס יכין 560 גרם,,,תורמוס יכין 560 גרם,גרמים,560.00,100 גרם,false,,10.90,1.9464,true,1,73364
7290013531490,false,פול מתובל יכין 550גר,,,פול מתובל יכין 550גר,גרמים,550.00,100 גרם,false,,9.90,1.8000,true,1,73365
7290013531612,false,רוטב נפוליטנה יכין 2,,,רוטב נפוליטנה יכין 2,גרמים,240.00,100 גרם,false,,6.90,2.8750,true,1,73282
7290013531629,false,רוטב פומדורו יכין 24,,,רוטב פומדורו יכין 24,גרמים,240.00,100 גרם,false,,6.90,2.8750,true,1,73283
7290013531759,false,שעועית אפוייה יכין 5,,,שעועית אפוייה יכין 5,גרמים,550.00,100 גרם,false,,9.90,1.8000,true,1,72779
7290013534057,false,חטיף צ'יפס בטטה 100,,,חטיף צ'יפס בטטה 100,גרמים,100.00,100 גרם,false,,9.90,9.9000,true,1,107258
7290013539892,false,אל סבון נוזלי משאבה,,,אל סבון נוזלי משאבה,ליטרים,1000.00,100 ליטר,false,,9.90,0.9900,true,1,110385
7290013540225,false,טונה פרינס בשמן צמחי,,,טונה פרינס בשמן צמחי,גרמים,632.00,100 גרם,false,,19.90,3.1487,true,1,67796
7290013540874,false,נתחי טונה בהירה בשמן,,,נתחי טונה בהירה בשמן,גרמים,414.00,100 גרם,false,,13.90,3.3575,true,1,102846
7290013541017,false,תפוח עץ 200גר,,,תפוח עץ 200גר,גרמים,200.00,100 גרם,false,,14.90,7.4500,true,1,72633
7290013541062,false,שזיף מגולען 300גר,,,שזיף מגולען 300גר,גרמים,300.00,100 גרם,false,,19.90,6.6333,true,1,72628
7290013541079,false,חמוציות 170גר,,,חמוציות 170גר,גרמים,170.00,100 גרם,false,,9.90,5.8235,true,1,72636
7290013541086,false,אגוזי מלך 200גר,,,אגוזי מלך 200גר,גרמים,200.00,100 גרם,false,,14.90,7.4500,true,1,72619
7290013541093,false,תמר מגהול 400 גרם,,,תמר מגהול 400 גרם,גרמים,400.00,100 גרם,false,,19.90,4.9750,true,1,72621
7290013541109,false,צנובר 100גר,,,צנובר 100גר,גרמים,100.00,100 גרם,false,,21.90,21.9000,true,1,72637
7290013541130,false,פקאן 150גר,,,פקאן 150גר,גרמים,150.00,100 גרם,false,,19.90,13.2667,true,1,72629
7290013541147,false,צימוקים גמבו 200גר,,,צימוקים גמבו 200גר,גרמים,200.00,100 גרם,false,,9.90,4.9500,true,1,72630
7290013541161,false,שקדים טבעי 180גר,,,שקדים טבעי 180גר,גרמים,180.00,100 גרם,false,,15.90,8.8333,true,1,72624
7290013541246,false,אננס מיובש 250גר,,,אננס מיובש 250גר,גרמים,250.00,100 גרם,false,,9.90,3.9600,true,1,72641
7290013541277,false,קשיו טבעי 170גר,,,קשיו טבעי 170גר,גרמים,170.00,100 גרם,false,,19.90,11.7059,true,1,72643
7290013542014,false,סכינים ארוז 100 יח',,,סכינים ארוז 100 יח',יחידה,0.00,יחידה,false,,9.90,0.0000,true,1,52101
7290013542151,false,נרות מספרים 4 6 8 10,,,נרות מספרים 4 6 8 10,יחידה,0.00,יחידה,false,,6.90,0.0000,true,1,93911
7290013542236,false,כוסות ח.פ א'ר 100 דנ,,,כוסות ח.פ א'ר 100 דנ,יח',100.00,יח',false,,7.90,0.0790,true,1,72680
7290013542403,false,"כוס נייר 2.5 אוז חד""",,,"כוס נייר 2.5 אוז חד""",יחידה,0.00,יחידה,false,,5.50,0.0000,true,1,112616
7290013542526,false,כוס נייר 8 אוז 50יח,,,כוס נייר 8 אוז 50יח,יח',50.00,יח',false,,9.90,0.1980,true,1,90138
7290013542724,false,קערה אובלית עמוקה פר,,,קערה אובלית עמוקה פר,יחידה,0.00,יחידה,false,,9.90,0.0000,true,1,71109
7290013542762,false,קערה מרובעת 64OZ פלס,,,קערה מרובעת 64OZ פלס,יחידה,0.00,יחידה,false,,9.90,0.0000,true,1,99569
7290013579492,false,"פיטאיה קפואה בד""ץ 25",,,"פיטאיה קפואה בד""ץ 25",גרמים,250.00,100 גרם,false,,12.90,5.1600,true,1,140232
7290013580009,false,המבורגר זהב ארוז 400,,,המבורגר זהב ארוז 400,גרמים,400.00,100 גרם,false,,19.90,4.9750,true,1,100687
7290013581648,false,סטייק מינוט 250 גרם,,,סטייק מינוט 250 גרם,גרמים,250.00,100 גרם,false,,19.90,7.9600,true,1,128444
7290013585233,false,ספרייט זירו סילק 330,,,ספרייט זירו סילק 330,מיליליטרים,330.00,"100 מ""ל",false,,6.70,2.0303,true,1,73215
7290013585387,false,קוקה קולה זירו 1ליטר,,,קוקה קולה זירו 1ליטר,מיליליטרים,1000.00,"100 מ""ל",false,,7.50,0.7500,true,1,73087
7290013585394,false,קוקה קולה 1ליטר,,,קוקה קולה 1ליטר,מיליליטרים,1000.00,"100 מ""ל",false,,7.50,0.7500,true,1,73088
7290013585967,false,ספרייט זירו מארז פחי,,,ספרייט זירו מארז פחי,מיליליטרים,1980.00,"100 מ""ל",false,,29.90,1.5101,true,1,76245
7290013608260,false,פרימור רימונים סחוט,,,פרימור רימונים סחוט,מיליליטרים,1000.00,"100 מ""ל",false,,24.90,2.4900,true,1,71020
7290013608550,false,פרימור נקטר תפוזים 1,,,פרימור נקטר תפוזים 1,מיליליטרים,1000.00,"100 מ""ל",false,,8.90,0.8900,true,1,89940
7290013608628,false,"פרימור ענבים 500 מ""ל",,,"פרימור ענבים 500 מ""ל",מיליליטרים,500.00,"100 מ""ל",false,,5.90,1.1800,true,1,112485
7290013608635,false,פרימור נקטר לימונים,,,פרימור נקטר לימונים,מיליליטרים,1000.00,"100 מ""ל",false,,8.90,0.8900,true,1,92432
7290013608680,false,פרימור מיץ עגבניות 1,,,פרימור מיץ עגבניות 1,מיליליטרים,1000.00,"100 מ""ל",false,,8.90,0.8900,true,1,89943
7290013608772,false,"פרימור תפוזים 500 מ""",,,"פרימור תפוזים 500 מ""",מיליליטרים,500.00,"100 מ""ל",false,,5.90,1.1800,true,1,112487
7290013625922,false,איטריות דקות טעמן 40,,,איטריות דקות טעמן 40,גרמים,400.00,100 גרם,false,,5.90,1.4750,true,1,68201
7290013652157,false,נטורל קר מגבונים להס,,,נטורל קר מגבונים להס,יחידה,0.00,יחידה,false,,26.90,0.0000,true,1,68924
7290013652171,false,נטורל קר מגבונים להס,,,נטורל קר מגבונים להס,יחידה,0.00,יחידה,false,,26.90,0.0000,true,1,92882
7290013652843,false,נטורל קר שמפו לשיער,,,נטורל קר שמפו לשיער,מיליליטרים,700.00,"100 מ""ל",false,,19.90,2.8429,true,1,63469
7290013675545,false,שניצל כלי תחבורה 700,,,שניצל כלי תחבורה 700,גרמים,700.00,100 גרם,false,,38.90,5.5571,true,1,97267
7290013677839,false,בורגול מיה 1קג,,,בורגול מיה 1קג,גרמים,1000.00,100 גרם,false,,7.90,0.7900,true,1,93399
7290013677846,false,"כוסמת 1 ק""ג",,,"כוסמת 1 ק""ג",מיליליטרים,1000.00,"100 מ""ל",false,,13.90,1.3900,true,1,138563
7290013678010,false,כרוב לבן 400 גרם כיד,,,כרוב לבן 400 גרם כיד,גרמים,400.00,100 גרם,false,,12.90,3.2250,true,1,103034
7290013678034,false,פלפל מרוקאי 400 גרם,,,פלפל מרוקאי 400 גרם,גרמים,400.00,100 גרם,false,,12.90,3.2250,true,1,103036
7290013678041,false,פלפל רצועות 400 גרם,,,פלפל רצועות 400 גרם,גרמים,400.00,100 גרם,false,,12.90,3.2250,true,1,103037
7290013678058,false,סלסה אדומה 400 גרם כ,,,סלסה אדומה 400 גרם כ,גרמים,400.00,100 גרם,false,,12.90,3.2250,true,1,103035
7290013678065,false,חציל עם פלפל חריף 40,,,חציל עם פלפל חריף 40,גרמים,400.00,100 גרם,false,,12.90,3.2250,true,1,103032
7290013678171,false,חציל המלך 400 גרם כי,,,חציל המלך 400 גרם כי,גרמים,400.00,100 גרם,false,,12.90,3.2250,true,1,103033
7290013724991,false,משוקולדים לוז חלב קו,,,משוקולדים לוז חלב קו,גרמים,160.00,100 גרם,false,,9.90,6.1875,true,1,63630
7290013725752,false,נודלס דק סו שף 400גר,,,נודלס דק סו שף 400גר,גרמים,400.00,100 גרם,false,,9.90,2.4750,true,1,89998
7290013771131,false,לאבנה עיזים 5% 250גר,,,לאבנה עיזים 5% 250גר,גרמים,250.00,100 גרם,false,,19.50,7.8000,true,1,63090
7290013771216,false,פטאקי 16% 250גר השומ,,,פטאקי 16% 250גר השומ,גרמים,250.00,100 גרם,false,,14.90,5.9600,true,1,68630
7290013771261,false,בולגרית מעודנת 5% 25,,,בולגרית מעודנת 5% 25,גרמים,250.00,100 גרם,false,,14.90,5.9600,true,1,72677
7290013771292,false,פטאקי 16% 250גר הסדר,,,פטאקי 16% 250גר הסדר,גרמים,250.00,100 גרם,false,,14.90,5.9600,true,1,72674
7290013771384,false,יוגורט יווני השומרון,,,יוגורט יווני השומרון,גרמים,400.00,100 גרם,false,,10.90,2.7250,true,1,92375
7290013787156,false,רוטב ריקו שמנת גראנה,,,רוטב ריקו שמנת גראנה,גרמים,200.00,100 גרם,false,,13.90,6.9500,true,1,128513
7290013787170,false,רוטב ריקו שמנת פטריו,,,רוטב ריקו שמנת פטריו,גרמים,200.00,100 גרם,false,,13.90,6.9500,true,1,128515
7290013787392,false,רביולי ריקו גבינות ק,,,רביולי ריקו גבינות ק,גרמים,330.00,100 גרם,false,,27.90,8.4545,true,1,128506
7290013787408,false,רביולי ריקו בטטה 330,,,רביולי ריקו בטטה 330,גרמים,330.00,100 גרם,false,,27.90,8.4545,true,1,128507
7290013787415,false,רביולי ריקו ריקוטה ת,,,רביולי ריקו ריקוטה ת,גרמים,330.00,100 גרם,false,,27.90,8.4545,true,1,128508
7290013847454,false,טונה סטארקיסט בשמן ק,קריות זול,,טונה סטארקיסט בשמן ק,גרמים,640.00,100 גרם,false,,25.90,4.0469,true,1,137297
7290013848017,false,ניקוי והברקה נירוסטה,,,ניקוי והברקה נירוסטה,מיליליטרים,500.00,"100 מ""ל",false,,22.90,4.5800,true,1,98384
7290013848345,false,סנו מטליות לחות לחיט,,,סנו מטליות לחות לחיט,יחידה,0.00,יחידה,false,,24.90,0.0000,true,1,120209
7290013861412,false,חטיף קוקוס250גר,,,חטיף קוקוס250גר,גרמים,250.00,100 גרם,false,,9.90,3.9600,true,1,91719
7290013861429,false,חטיף שומשום250גר,,,חטיף שומשום250גר,גרמים,250.00,100 גרם,false,,9.90,3.9600,true,1,91720
7290013861443,false,חטיף בוטנים 250גר,,,חטיף בוטנים 250גר,גרמים,250.00,100 גרם,false,,9.90,3.9600,true,1,91714
7290013883407,false,דזיטול מרסס מחטא ומש,,,דזיטול מרסס מחטא ומש,מיליליטרים,500.00,"100 מ""ל",false,,15.90,3.1800,true,1,64865
7290013906052,false,נקניקיות פרגיות טירת,,,נקניקיות פרגיות טירת,גרמים,300.00,100 גרם,false,,14.90,4.9667,true,1,89614
7290013906205,false,פסטרמה שום וצ'ילי פי,,,פסטרמה שום וצ'ילי פי,גרמים,400.00,100 גרם,false,,28.90,7.2250,true,1,89602
7290013906212,false,נקניקיות וינר טירת צ,,,נקניקיות וינר טירת צ,גרמים,1000.00,100 גרם,false,,29.90,2.9900,true,1,89615
7290013906236,false,סלמי גלבוע טירת צבי,,,סלמי גלבוע טירת צבי,גרמים,400.00,100 גרם,false,,24.90,6.2250,true,1,89616
7290013906441,false,קבנוס טירת צבי 120גר,,,קבנוס טירת צבי 120גר,גרמים,120.00,100 גרם,false,,11.90,9.9167,true,1,89617
7290013906458,false,קבנוס פיקנטי טירת צב,,,קבנוס פיקנטי טירת צב,גרמים,120.00,100 גרם,false,,11.90,9.9167,true,1,89618
7290013906687,false,פסטרמה צמד מארז כפרי,,,פסטרמה צמד מארז כפרי,גרמים,600.00,100 גרם,false,,28.90,4.8167,true,1,89609
7290013927323,false,עוגת בראוניס אחווה 4,,,עוגת בראוניס אחווה 4,גרמים,400.00,100 גרם,false,,12.90,3.2250,true,1,70224
7290013927514,false,רוגעלך קינמון במגש 4,,,רוגעלך קינמון במגש 4,גרמים,400.00,100 גרם,false,,11.90,2.9750,true,1,96701
7290013927637,false,חלווה ללא תוספת סוכר,,,חלווה ללא תוספת סוכר,גרמים,400.00,100 גרם,false,,13.90,3.4750,true,1,99280
7290014002203,false,חליטת לימונית ולואיז,,,חליטת לימונית ולואיז,יח',25.00,יח',false,,19.90,0.7960,true,1,65602
7290014002944,false,תה הגן הקסום חליטת פ,,,תה הגן הקסום חליטת פ,גרמים,57.50,100 גרם,false,,19.90,34.6087,true,1,71641
7290014046047,false,צמד פסטרמות פפריקה ו,,,צמד פסטרמות פפריקה ו,גרמים,600.00,100 גרם,false,,29.90,4.9833,true,1,71599
7290014046474,false,נקניקיות עוף יחיעם 1,,,נקניקיות עוף יחיעם 1,גרמים,1500.00,100 גרם,false,,29.90,1.9933,true,1,90101
7290014046580,false,פסטרמה מעודנת על גחל,,,פסטרמה מעודנת על גחל,גרמים,300.00,100 גרם,false,,26.90,8.9667,true,1,71935
7290014046757,false,סלמי תה יחיעם 300 גר,,,סלמי תה יחיעם 300 גר,גרמים,300.00,100 גרם,false,,25.90,8.6333,true,1,77030
7290014059085,false,משחת שיניים סנסודיין,,,משחת שיניים סנסודיין,מיליליטרים,75.00,"100 מ""ל",false,,21.90,29.2000,true,1,132048
7290014059436,false,משחת סנסודיין לשיקום,,,משחת סנסודיין לשיקום,מיליליטרים,75.00,"100 מ""ל",false,,21.90,29.2000,true,1,90097
7290014059443,false,משחת ש.סנסודיין דואל,,,משחת ש.סנסודיין דואל,מיליליטרים,225.00,"100 מ""ל",false,,34.90,15.5111,true,1,105854
7290014066359,false,לנדוור קפסולות אספרס,,,לנדוור קפסולות אספרס,גרמים,50.00,100 גרם,false,,15.90,31.8000,true,1,120012
7290014066366,false,לנדוור קפסולות אספרס,,,לנדוור קפסולות אספרס,גרמים,50.00,100 גרם,false,,15.90,31.8000,true,1,120017
7290014066373,false,לנדוור קפסולות אספרס,,,לנדוור קפסולות אספרס,גרמים,50.00,100 גרם,false,,15.90,31.8000,true,1,120013
7290014066380,false,לנדוור קפסולות אספרס,,,לנדוור קפסולות אספרס,גרמים,50.00,100 גרם,false,,15.90,31.8000,true,1,120014
7290014066526,false,לנדוור קפסולות אספרס,,,לנדוור קפסולות אספרס,גרמים,50.00,100 גרם,false,,15.90,31.8000,true,1,120018
7290014066533,false,לנדוור קפסולות אספרס,,,לנדוור קפסולות אספרס,גרמים,50.00,100 גרם,false,,15.90,31.8000,true,1,120016
7290014083479,false,גבינת גאודה פרוסה חצ,,,גבינת גאודה פרוסה חצ,גרמים,150.00,100 גרם,false,,12.90,8.6000,true,1,67082
7290014083813,false,שפרוטים מעושנים בשמן,,,שפרוטים מעושנים בשמן,גרמים,190.00,100 גרם,false,,9.90,5.2105,true,1,68150
7290014088962,false,שוקולה 850 גרם פרימי,,,שוקולה 850 גרם פרימי,גרמים,850.00,100 גרם,false,,10.90,1.2824,true,1,137756
7290014088993,false,סודה לשתייה  פרימיום,,,סודה לשתייה  פרימיום,גרמים,1000.00,100 גרם,false,,9.90,0.9900,true,1,138001
7290014094352,false,אגוזי מלך בקופסא 200,,,אגוזי מלך בקופסא 200,גרמים,200.00,100 גרם,false,,19.90,9.9500,true,1,70963
7290014094383,false,משמש 250 גרם בקופסא,,,משמש 250 גרם בקופסא,גרמים,250.00,100 גרם,false,,22.90,9.1600,true,1,75040
7290014094390,false,חמוציות 250 גרם קופס,,,חמוציות 250 גרם קופס,גרמים,250.00,100 גרם,false,,16.90,6.7600,true,1,70966
7290014094406,false,צימוק לבן קופסא 330ג,,,צימוק לבן קופסא 330ג,גרמים,330.00,100 גרם,false,,16.90,5.1212,true,1,70967
7290014094628,false,פקאן טבעי בקופסא 200,,,פקאן טבעי בקופסא 200,גרמים,200.00,100 גרם,false,,23.90,11.9500,true,1,70969
7290014094895,false,אגוזי מלך שקית 150גר,,,אגוזי מלך שקית 150גר,גרמים,150.00,100 גרם,false,,10.90,7.2667,true,1,75008
7290014094901,false,פקאן טבעי 150גרם,,,פקאן טבעי 150גרם,גרמים,150.00,100 גרם,false,,22.90,15.2667,true,1,75035
7290014095861,false,קוואקר שיבולת שועל ד,,,קוואקר שיבולת שועל ד,גרמים,500.00,100 גרם,false,,7.90,1.5800,true,1,67423
7290014095946,false,פקאן בשוקולד מריר שק,,,פקאן בשוקולד מריר שק,גרמים,160.00,100 גרם,false,,9.90,6.1875,true,1,91735
7290014095953,false,משוקלדים פקאן חלב קו,,,משוקלדים פקאן חלב קו,גרמים,160.00,100 גרם,false,,9.90,6.1875,true,1,91736
7290014095960,false,קוואקר שיבולת שועל ע,,,קוואקר שיבולת שועל ע,גרמים,500.00,100 גרם,false,,7.90,1.5800,true,1,67424
7290014204614,false,גרנולה שוקולד מריר ו,,,גרנולה שוקולד מריר ו,גרמים,400.00,100 גרם,false,,29.90,7.4750,true,1,106290
7290014217003,false,פפריקה מעושנת 90גר,,,פפריקה מעושנת 90גר,גרמים,90.00,100 גרם,false,,10.90,12.1111,true,1,63781
7290014217010,false,תיבול דגים 90גר,,,תיבול דגים 90גר,גרמים,90.00,100 גרם,false,,13.90,15.4444,true,1,65172
7290014217065,false,אורגנו מיכל גדול 30ג,,,אורגנו מיכל גדול 30ג,גרמים,30.00,100 גרם,false,,9.90,33.0000,true,1,64659
7290014217140,false,תבלין ראס אל חנות 10,,,תבלין ראס אל חנות 10,גרמים,100.00,100 גרם,false,,10.90,10.9000,true,1,107238
7290014217157,false,מיכל תערובת תיבול טו,,,מיכל תערובת תיבול טו,גרמים,120.00,100 גרם,false,,10.90,9.0833,true,1,71700
7290014217164,false,פטרוזיליה מיכל גדול,,,פטרוזיליה מיכל גדול,גרמים,20.00,100 גרם,false,,10.90,54.5000,true,1,73084
7290014217171,false,מיכל תערובת תיבול תי,,,מיכל תערובת תיבול תי,גרמים,100.00,100 גרם,false,,10.90,10.9000,true,1,71701
7290014217201,false,תערובת תיבול סומק 45,,,תערובת תיבול סומק 45,גרמים,45.00,100 גרם,false,,6.50,14.4444,true,1,74958
7290014217225,false,גריל עוף מיכל 120גר,,,גריל עוף מיכל 120גר,גרמים,120.00,100 גרם,false,,11.90,9.9167,true,1,70463
7290014217263,false,תערובת תיבול לפרגיות,,,תערובת תיבול לפרגיות,גרמים,100.00,100 גרם,false,,10.90,10.9000,true,1,76471
7290014217348,false,צ'ילי כתוש מיכל 70גר,,,צ'ילי כתוש מיכל 70גר,גרמים,70.00,100 גרם,false,,10.90,15.5714,true,1,70466
7290014217362,false,תיבול לקציצות מיכל 1,,,תיבול לקציצות מיכל 1,גרמים,100.00,100 גרם,false,,10.90,10.9000,true,1,70468
7290014217409,false,תערובת עשבי תיבול  ה,,,תערובת עשבי תיבול  ה,גרמים,100.00,100 גרם,false,,10.90,10.9000,true,1,137558
7290014217485,false,תערובת תיבול קייג'ון,,,תערובת תיבול קייג'ון,גרמים,100.00,100 גרם,false,,10.90,10.9000,true,1,101544
7290014217492,false,תערובת תיבול פילדלפי,,,תערובת תיבול פילדלפי,גרמים,100.00,100 גרם,false,,10.90,10.9000,true,1,101545
7290014217911,false,פלפל אדום מתוק שלם 1,,,פלפל אדום מתוק שלם 1,גרמים,150.00,100 גרם,false,,14.90,9.9333,true,1,95706
7290014218321,false,בורקס יפו גבינה מעדנ,,,בורקס יפו גבינה מעדנ,גרמים,600.00,100 גרם,false,,19.90,3.3167,true,1,90260
7290014218338,false,"בורקס יפו תפו""א מעדנ",,,"בורקס יפו תפו""א מעדנ",גרמים,600.00,100 גרם,false,,15.90,2.6500,true,1,90261
7290014218505,false,פיצה שלישייה מעדנות,,,פיצה שלישייה מעדנות,גרמים,1080.00,100 גרם,false,,38.90,3.6019,true,1,89903
7290014218536,false,בצק עלים מופחת שומן,,,בצק עלים מופחת שומן,גרמים,1000.00,100 גרם,false,,22.90,2.2900,true,1,90338
7290014218932,false,חטיפי פיצה בתוספת זי,קריות זול,,חטיפי פיצה בתוספת זי,גרמים,710.00,100 גרם,false,,33.90,4.7746,true,1,99833
7290014241589,false,מיקס אגוזים טבעי וחמ,,,מיקס אגוזים טבעי וחמ,גרמים,150.00,100 גרם,false,,10.90,7.2667,true,1,72023
7290014241763,false,קשיו טבעי 200גר,,,קשיו טבעי 200גר,גרמים,200.00,100 גרם,false,,17.90,8.9500,true,1,75091
7290014256620,false,באז משקה מבוסס יין מ,קריות זול,,באז משקה מבוסס יין מ,מיליליטרים,750.00,"100 מ""ל",false,,26.90,3.5867,true,1,72208
7290014325050,false,קורנפלור 500 גרם,,,קורנפלור 500 גרם,גרמים,500.00,100 גרם,false,,6.90,1.3800,true,1,93395
7290014397453,false,סנו אוקסיגן לכביסה ל,,,סנו אוקסיגן לכביסה ל,מיליליטרים,3000.00,"100 מ""ל",false,,33.90,1.1300,true,1,67381
7290014397705,false,פוליויקס פרקט בניחוח,קריות זול,,פוליויקס פרקט בניחוח,ליטרים,2.00,ליטר,false,,23.90,11.9500,true,1,69031
7290014397873,false,סנו מקסימה מרכך כביס,,,סנו מקסימה מרכך כביס,מיליליטרים,4000.00,"100 מ""ל",false,,23.90,0.5975,true,1,112359
7290014435803,false,מטיאס הולנדי (פרובנצ,,,מטיאס הולנדי (פרובנצ,גרמים,180.00,100 גרם,false,,23.90,13.2778,true,1,74287
7290014435810,false,הרינג כבוש עם בצל במ,,,הרינג כבוש עם בצל במ,גרמים,180.00,100 גרם,false,,23.90,13.2778,true,1,74288
7290014435834,false,מקרל מעושן פרוס בשמן,,,מקרל מעושן פרוס בשמן,גרמים,180.00,100 גרם,false,,24.90,13.8333,true,1,74290
7290014435841,false,פילה מטיאס הולנדי בש,,,פילה מטיאס הולנדי בש,גרמים,180.00,100 גרם,false,,23.90,13.2778,true,1,74291
7290014435872,false,סלט הרינג מיונז 200ג,,,סלט הרינג מיונז 200ג,גרמים,200.00,100 גרם,false,,24.90,12.4500,true,1,74292
7290014435889,false,סלט מטיאס עם מיונז 2,,,סלט מטיאס עם מיונז 2,גרמים,200.00,100 גרם,false,,24.90,12.4500,true,1,74293
7290014455245,false,גרנה פדנו משולש מחלב,,,גרנה פדנו משולש מחלב,גרמים,200.00,100 גרם,false,,28.50,14.2500,true,1,75512
7290014455252,false,*מבצע* גרנה פדנו מגו,,,*מבצע* גרנה פדנו מגו,גרמים,100.00,100 גרם,false,,10.90,10.9000,true,1,75513
7290014455320,false,כדור מוצרלה פרסקה 18,,,כדור מוצרלה פרסקה 18,גרמים,100.00,100 גרם,false,,10.30,10.3000,true,1,74910
7290014455467,false,מעדן שיבולת שועל וחל,,,מעדן שיבולת שועל וחל,גרמים,150.00,100 גרם,false,,6.00,4.0000,true,1,75514
7290014459632,false,ציפס טוגן תפוגן 1.5,,,ציפס טוגן תפוגן 1.5,גרמים,1500.00,100 גרם,false,,24.90,1.6600,true,1,102732
7290014471436,false,מוזלי עם צימוקים  תפ,,,מוזלי עם צימוקים  תפ,גרמים,1000.00,100 גרם,false,,19.90,1.9900,true,1,71736
7290014471443,false,גרנולה עם צימוקים אג,,,גרנולה עם צימוקים אג,גרמים,1000.00,100 גרם,false,,19.90,1.9900,true,1,71737
7290014472433,false,קונפיטורה תות שדה 45,,,קונפיטורה תות שדה 45,גרמים,450.00,100 גרם,false,,13.90,3.0889,true,1,73255
7290014472990,false,ממרח 100% שקדים 300ג,,,ממרח 100% שקדים 300ג,גרמים,300.00,100 גרם,false,,34.90,11.6333,true,1,89995
7290014525009,false,סלים פרוט חטיף דגנים,,,סלים פרוט חטיף דגנים,גרמים,180.00,100 גרם,false,,15.90,8.8333,true,1,64922
7290014525290,false,חטיפי מרבה סלים דליס,,,חטיפי מרבה סלים דליס,גרמים,125.00,100 גרם,false,,15.90,12.7200,true,1,134895
7290014525306,false,חטיפי מרבה סלים דליס,,,חטיפי מרבה סלים דליס,גרמים,125.00,100 גרם,false,,15.90,12.7200,true,1,107544
7290014525313,false,חטיפי מרבה סלים דליס,,,חטיפי מרבה סלים דליס,גרמים,125.00,100 גרם,false,,15.90,12.7200,true,1,107545
7290014534650,false,פסטה לה פסטה צינור 4,,,פסטה לה פסטה צינור 4,גרמים,400.00,100 גרם,false,,5.90,1.4750,true,1,76667
7290014534667,false,פסטה לה פסטה קונכיה,,,פסטה לה פסטה קונכיה,גרמים,400.00,100 גרם,false,,5.90,1.4750,true,1,76668
7290014534674,false,פסטה לה פסטה פרפר 40,,,פסטה לה פסטה פרפר 40,גרמים,400.00,100 גרם,false,,5.90,1.4750,true,1,76669
7290014534681,false,פסטה לה פסטה בורג 40,,,פסטה לה פסטה בורג 40,גרמים,400.00,100 גרם,false,,5.90,1.4750,true,1,76670
7290014534698,false,פסטה לה פסטה תלתל 40,,,פסטה לה פסטה תלתל 40,גרמים,400.00,100 גרם,false,,5.90,1.4750,true,1,76671
7290014534704,false,פסטה לה פסטה אטריות,,,פסטה לה פסטה אטריות,גרמים,400.00,100 גרם,false,,5.90,1.4750,true,1,76672
7290014555082,false,מים מזוקקים מקסול 4ל,,,מים מזוקקים מקסול 4ל,ליטרים,4.00,ליטר,false,,10.90,2.7250,true,1,74513
7290014581036,false,"פחמים כ- 2 ק""ג",,,"פחמים כ- 2 ק""ג",יחידה,0.00,יחידה,false,,11.90,0.0000,true,1,71569
7290014581500,false,מנגל ענק עם רגליים ו,,,מנגל ענק עם רגליים ו,יחידה,0.00,יחידה,false,,99.00,0.0000,true,1,75998
7290014648005,false,לה בלה מסיר לק ללא א,,,לה בלה מסיר לק ללא א,מיליליטרים,250.00,"100 מ""ל",false,,10.90,4.3600,true,1,100234
7290014648081,false,סכיני גילוח חד פעמי,,,סכיני גילוח חד פעמי,יח',10.00,יח',false,,9.90,0.9900,true,1,72185
7290014692299,false,גבינת ברי קאסטללו יו,,,גבינת ברי קאסטללו יו,גרמים,125.00,100 גרם,false,,21.90,17.5200,true,1,69347
7290014692305,false,גבינת קממבר יורוציז,,,גבינת קממבר יורוציז,גרמים,125.00,100 גרם,false,,21.90,17.5200,true,1,69348
7290014692541,false,אמה מגורדת 500גר,,,אמה מגורדת 500גר,גרמים,500.00,100 גרם,false,,21.90,4.3800,true,1,74753
7290014692817,false,מוצרלה מגורדת יורו צ,,,מוצרלה מגורדת יורו צ,גרמים,200.00,100 גרם,false,,16.90,8.4500,true,1,69520
7290014725294,false,סוכרזית סוכרלוז מבוש,,,סוכרזית סוכרלוז מבוש,גרמים,200.00,100 גרם,false,,25.90,12.9500,true,1,70497
7290014748613,false,מקלוני דגים בציפוי צ,,,מקלוני דגים בציפוי צ,גרמים,600.00,100 גרם,false,,29.90,4.9833,true,1,98378
7290014748651,false,פילה אמנון מצופה מנת,,,פילה אמנון מצופה מנת,גרמים,360.00,100 גרם,false,,32.90,9.1389,true,1,98380
7290014748675,false,קציצות דגים דג טוב 6,,,קציצות דגים דג טוב 6,גרמים,600.00,100 גרם,false,,29.90,4.9833,true,1,98381
7290014749764,false,שניצל עוף ביתי מעודן,,,שניצל עוף ביתי מעודן,גרמים,700.00,100 גרם,false,,45.90,6.5571,true,1,113184
7290014749887,false,שניצל דק ענק  קריספי,,,שניצל דק ענק  קריספי,גרמים,720.00,100 גרם,false,,39.90,5.5417,true,1,136007
7290014758100,false,יוגורט ביו מאגדת שמי,,,יוגורט ביו מאגדת שמי,גרמים,1200.00,100 גרם,false,,17.30,1.4417,true,1,67144
7290014758117,false,יוגורט ביו מאגדת שמי,,,יוגורט ביו מאגדת שמי,גרמים,1200.00,100 גרם,false,,17.30,1.4417,true,1,67145
7290014758162,false,חלב עיזים מלה 3.6% 1,,,חלב עיזים מלה 3.6% 1,מיליליטרים,1000.00,"100 מ""ל",false,,15.30,1.5300,true,1,68000
7290014759084,false,גבינת נפוליאון 16% 2,,,גבינת נפוליאון 16% 2,גרמים,225.00,100 גרם,false,,14.10,6.2667,true,1,69309
7290014759534,false,בולגרית למריחה טבעי,,,בולגרית למריחה טבעי,גרמים,200.00,100 גרם,false,,14.50,7.2500,true,1,69551
7290014759909,false,פטה עיזים 5% פיראוס,,,פטה עיזים 5% פיראוס,גרמים,250.00,100 גרם,false,,29.90,11.9600,true,1,70054
7290014759978,false,קאשקבל פלח 200 גר,,,קאשקבל פלח 200 גר,גרמים,200.00,100 גרם,false,,26.90,13.4500,true,1,69553
7290014759985,false,פרמזן פלח 200 גר,,,פרמזן פלח 200 גר,גרמים,200.00,100 גרם,false,,25.70,12.8500,true,1,69554
7290014759992,false,רוקפור פלח 140גר,,,רוקפור פלח 140גר,גרמים,140.00,100 גרם,false,,18.90,13.5000,true,1,69555
7290014760134,false,מעדן סויה בטעם וניל,,,מעדן סויה בטעם וניל,גרמים,125.00,100 גרם,false,,4.00,3.2000,true,1,95795
7290014760141,false,משקה שקדים טרי 1ליטר,,IL,משקה שקדים טרי 1ליטר,מיליליטרים,1000.00,"100 מ""ל",false,,12.70,1.2700,true,1,73386
7290014760448,false,גבינה גלבוע 400גר,,,גבינה גלבוע 400גר,גרמים,400.00,100 גרם,false,,24.90,6.2250,true,1,70925
7290014760912,false,גבינה גוש חלב מהדרין,,,גבינה גוש חלב מהדרין,גרמים,400.00,100 גרם,false,,26.90,6.7250,true,1,123041
7290014761056,false,מעדן YOLO שוקולד חלב,,,מעדן YOLO שוקולד חלב,מיליליטרים,123.00,"100 מ""ל",false,,4.50,3.6585,true,1,72298
7290014761063,false,מעדן YOLO שוקולד מרי,,,מעדן YOLO שוקולד מרי,מיליליטרים,123.00,"100 מ""ל",false,,4.50,3.6585,true,1,72299
7290014761070,false,מעדן YOLO שוקולד לבן,,,מעדן YOLO שוקולד לבן,מיליליטרים,123.00,"100 מ""ל",false,,4.50,3.6585,true,1,72300
7290014761193,false,פרילי פירות יער 125ג,,,פרילי פירות יער 125ג,גרמים,125.00,100 גרם,false,,3.50,2.8000,true,1,72394
7290014762756,false,גבינת נפוליאון 16% ב,,,גבינת נפוליאון 16% ב,גרמים,225.00,100 גרם,false,,14.10,6.2667,true,1,75266
7290014762800,false,מעדן סויה בטעם שוקול,,,מעדן סויה בטעם שוקול,גרמים,125.00,100 גרם,false,,4.00,3.2000,true,1,94399
7290014762831,false,גבינת נפוליאון 25% ע,,,גבינת נפוליאון 25% ע,גרמים,225.00,100 גרם,false,,14.10,6.2667,true,1,76565
7290014762848,false,פתית גלבוע 22% 500 ג,,,פתית גלבוע 22% 500 ג,גרמים,500.00,100 גרם,false,,32.90,6.5800,true,1,94942
7290014762909,false,פתיתי מוצרלה 200גר,,,פתיתי מוצרלה 200גר,גרמים,200.00,100 גרם,false,,16.90,8.4500,true,1,76254
7290014763272,false,משקה סויה ביו תות בנ,,,משקה סויה ביו תות בנ,מיליליטרים,236.00,"100 מ""ל",false,,5.60,2.3729,true,1,76991
7290014791725,false,שוופס מוגז  תפוח 500,,,שוופס מוגז  תפוח 500,מיליליטרים,500.00,"100 מ""ל",false,,5.90,1.1800,true,1,91798
7290014855434,false,מגבוני בייביסיטר פרפ,,,מגבוני בייביסיטר פרפ,יחידה,0.00,יחידה,false,,15.90,0.0000,true,1,73472
7290014855458,false,מגבוני בייביסיטר פרפ,,,מגבוני בייביסיטר פרפ,יחידה,0.00,יחידה,false,,15.90,0.0000,true,1,73473
7290014860094,false,מקלוני אורז ללא גלוט,,,מקלוני אורז ללא גלוט,גרמים,454.00,100 גרם,false,,10.90,2.4009,true,1,72047
7290014860100,false,מקלוני אורז ללא גלוט,,,מקלוני אורז ללא גלוט,גרמים,454.00,100 גרם,false,,10.90,2.4009,true,1,72048
7290014860155,false,מחצלת במבו שטוחה 24*,,,מחצלת במבו שטוחה 24*,יחידה,0.00,יחידה,false,,8.90,0.0000,true,1,68321
7290014901247,false,שמפו סטייל קרטין 750,,,שמפו סטייל קרטין 750,מיליליטרים,750.00,"100 מ""ל",false,,19.90,2.6533,true,1,138200
7290014901308,false,סנסודיין משחת שיניים,,,סנסודיין משחת שיניים,מיליליטרים,75.00,"100 מ""ל",false,,21.90,29.2000,true,1,90098
7290014901995,false,אקווה פרש משחת שיניי,,,אקווה פרש משחת שיניי,מיליליטרים,100.00,"100 מ""ל",false,,7.90,7.9000,true,1,127777
7290014905160,false,פניני ריח הפי 130גר,,,פניני ריח הפי 130גר,גרמים,130.00,100 גרם,false,,8.90,6.8462,true,1,76480
7290014905689,false,הפי נוזל כלים ירוק ת,,,הפי נוזל כלים ירוק ת,מיליליטרים,750.00,"100 מ""ל",false,,7.90,1.0533,true,1,72041
7290014905696,false,הפי נוזל כלים צהוב ל,,,הפי נוזל כלים צהוב ל,מיליליטרים,750.00,"100 מ""ל",false,,7.90,1.0533,true,1,72042
7290014905733,false,הפי מרסס לניקוי חלונ,,,הפי מרסס לניקוי חלונ,מיליליטרים,750.00,"100 מ""ל",false,,7.90,1.0533,true,1,72045
7290014945067,false,צמרוני אוזניים פלסטי,,,צמרוני אוזניים פלסטי,יחידה,0.00,יחידה,false,,4.50,0.0000,true,1,140357
7290014945210,false,צמרוני עץ 300 יח בשק,,,צמרוני עץ 300 יח בשק,יחידה,0.00,יחידה,false,,4.90,0.0000,true,1,140356
7290014945760,false,מבשם אוויר נטול גז ב,,,מבשם אוויר נטול גז ב,יחידה,400.00,יחידה,false,,9.90,0.0248,true,1,75473
7290014967458,false,קפסולות אספרסו מור ק,,,קפסולות אספרסו מור ק,יחידה,0.00,יחידה,false,,10.90,0.0000,true,1,95934
7290014967465,false,קפסולות אינטסו 10 יח,,,קפסולות אינטסו 10 יח,יחידה,0.00,יחידה,false,,10.90,0.0000,true,1,95935
7290014967472,false,קפסולות אספרסו מור א,,,קפסולות אספרסו מור א,יחידה,0.00,יחידה,false,,10.90,0.0000,true,1,95936
7290014967922,false,קפסולות אספרסו מור ש,,,קפסולות אספרסו מור ש,יחידה,0.00,יחידה,false,,10.90,0.0000,true,1,95937
7290015008020,false,נר נשמה 24 שעות שמאי,,,נר נשמה 24 שעות שמאי,יחידה,0.00,יחידה,false,,1.90,0.0000,true,1,102743
7290015008280,false,נייר אפייה 50דף,,,נייר אפייה 50דף,יחידה,0.00,יחידה,false,,8.90,0.0000,true,1,102744
7290015008976,false,שקיות אוכל בקרטון של,,,שקיות אוכל בקרטון של,יחידה,0.00,יחידה,false,,11.90,0.0000,true,1,100846
7290015139267,false,שוקולד מריר עם שקדים,,,שוקולד מריר עם שקדים,גרמים,85.00,100 גרם,false,,6.90,8.1176,true,1,75989
7290015150088,false,מחית עגבניות גרנד אי,,,מחית עגבניות גרנד אי,גרמים,700.00,100 גרם,false,,12.90,1.8429,true,1,72697
7290015150118,false,עגבניות חתוכות 3* 40,,,עגבניות חתוכות 3* 40,גרמים,1200.00,100 גרם,false,,14.90,1.2417,true,1,72698
7290015155823,false,פרינוק פאוץ' בטעם תפ,,,פרינוק פאוץ' בטעם תפ,גרמים,120.00,100 גרם,false,,6.50,5.4167,true,1,112476
7290015156776,false,פרינוק פאוץ פירות טר,,,פרינוק פאוץ פירות טר,גרמים,120.00,100 גרם,false,,6.50,5.4167,true,1,112480
7290015156790,false,פרינוק פאוץ לפתן פיר,,,פרינוק פאוץ לפתן פיר,גרמים,120.00,100 גרם,false,,6.50,5.4167,true,1,112481
7290015161206,false,קמח קוקוס אורגני ללא,,,קמח קוקוס אורגני ללא,גרמים,500.00,100 גרם,false,,19.90,3.9800,true,1,135947
7290015161541,false,קוואקר דק ללא גלוטן,,,קוואקר דק ללא גלוטן,גרמים,400.00,100 גרם,false,,21.90,5.4750,true,1,135949
7290015161930,false,פסטה PRO עדשים צהובו,,,פסטה PRO עדשים צהובו,גרמים,250.00,100 גרם,false,,17.90,7.1600,true,1,135953
7290015161978,false,פסטה PRO עדשים אדומו,,,פסטה PRO עדשים אדומו,גרמים,250.00,100 גרם,false,,17.90,7.1600,true,1,135954
7290015164832,false,מחית קארי ירוקה 400ג,,,מחית קארי ירוקה 400ג,גרמים,400.00,100 גרם,false,,19.90,4.9750,true,1,98760
7290015164856,false,מחית קארי אדומה 400ג,,,מחית קארי אדומה 400ג,גרמים,400.00,100 גרם,false,,19.90,4.9750,true,1,98761
7290015178174,false,פסטו בטעם פרמז'ן 180,,,פסטו בטעם פרמז'ן 180,גרמים,180.00,100 גרם,false,,13.90,7.7222,true,1,128547
7290015251174,false,נובו אל סבון ירוק של,,,נובו אל סבון ירוק של,מיליליטרים,1500.00,"100 מ""ל",false,,10.90,0.7267,true,1,70564
7290015251181,false,נובו אל סבון כחול של,,,נובו אל סבון כחול של,מיליליטרים,1500.00,"100 מ""ל",false,,10.90,0.7267,true,1,70565
7290015251198,false,נובו אל סבון סגול של,,,נובו אל סבון סגול של,מיליליטרים,1500.00,"100 מ""ל",false,,10.90,0.7267,true,1,70566
7290015251204,false,נובו אל סבון ורוד של,,,נובו אל סבון ורוד של,מיליליטרים,1500.00,"100 מ""ל",false,,10.90,0.7267,true,1,70567
7290015251259,false,נובו תחליב רחצה דבש+,,,נובו תחליב רחצה דבש+,מיליליטרים,1000.00,"100 מ""ל",false,,10.00,1.0000,true,1,70568
7290015251273,false,נובו תחליב רחצה פירו,,,נובו תחליב רחצה פירו,מיליליטרים,1000.00,"100 מ""ל",false,,10.00,1.0000,true,1,71943
7290015251280,false,נובו תחליב רחצה הרבל,,,נובו תחליב רחצה הרבל,מיליליטרים,1000.00,"100 מ""ל",false,,10.00,1.0000,true,1,70569
7290015282000,false,איקרה אדומה 200גר שמ,,,איקרה אדומה 200גר שמ,גרמים,200.00,100 גרם,false,,17.90,8.9500,true,1,74296
7290015282024,false,איקרה לבנה 200גר שמי,,,איקרה לבנה 200גר שמי,גרמים,200.00,100 גרם,false,,17.90,8.9500,true,1,74298
7290015282390,false,תורכי 200 גרם גורמה,,,תורכי 200 גרם גורמה,גרמים,200.00,100 גרם,false,,14.90,7.4500,true,1,93048
7290015282581,false,חומוס אבו גוש עם חרי,,,חומוס אבו גוש עם חרי,גרמים,200.00,100 גרם,false,,14.90,7.4500,true,1,93079
7290015282598,false,חומוס מסעדות 200 גר,,,חומוס מסעדות 200 גר,גרמים,200.00,100 גרם,false,,14.90,7.4500,true,1,93049
7290015282628,false,חציל בטעם כבד 200 גר,,,חציל בטעם כבד 200 גר,גרמים,200.00,100 גרם,false,,14.90,7.4500,true,1,93055
7290015282635,false,חומוס מסבחה 200 גר,,,חומוס מסבחה 200 גר,גרמים,200.00,100 גרם,false,,14.90,7.4500,true,1,93046
7290015282666,false,סלט טונה עם ירקות שמ,,,סלט טונה עם ירקות שמ,גרמים,200.00,100 גרם,false,,17.90,8.9500,true,1,93064
7290015282673,false,חציל במיונז ביתי שמי,,,חציל במיונז ביתי שמי,גרמים,200.00,100 גרם,false,,14.90,7.4500,true,1,93056
7290015282680,false,קישוא בטעם כבד 200 ג,,,קישוא בטעם כבד 200 ג,גרמים,200.00,100 גרם,false,,14.90,7.4500,true,1,93058
7290015282697,false,כרוב אדום 200 גר,,,כרוב אדום 200 גר,גרמים,200.00,100 גרם,false,,14.90,7.4500,true,1,93051
7290015282710,false,קוביות סלק 200 גר,,,קוביות סלק 200 גר,גרמים,200.00,100 גרם,false,,14.90,7.4500,true,1,93052
7290015282734,false,מטבוחה ביתית 200 גר,,,מטבוחה ביתית 200 גר,גרמים,200.00,100 גרם,false,,14.90,7.4500,true,1,93047
7290015282741,false,חציל תאילנדי 200 גר,,,חציל תאילנדי 200 גר,גרמים,200.00,100 גרם,false,,14.90,7.4500,true,1,93059
7290015282796,false,תפוח אדמה 200 גר גור,,,תפוח אדמה 200 גר גור,גרמים,200.00,100 גרם,false,,14.90,7.4500,true,1,93054
7290015320009,false,שוקולד מריר שקדיה 3*,קריות זול,,שוקולד מריר שקדיה 3*,גרמים,300.00,100 גרם,false,,10.90,3.6333,true,1,139266
7290015320054,false,עוגיות בטעם חמאה 340,,,עוגיות בטעם חמאה 340,גרמים,340.00,100 גרם,false,,10.90,3.2059,true,1,71945
7290015320481,false,שוקולד מריר 60% יעד,,,שוקולד מריר 60% יעד,גרמים,100.00,100 גרם,false,,4.90,4.9000,true,1,113414
7290015324007,false,פלפל שחור גרוס שקית,,,פלפל שחור גרוס שקית,גרמים,80.00,100 גרם,false,,11.90,14.8750,true,1,70469
7290015324014,false,פלפל שחור טחון שקית,,,פלפל שחור טחון שקית,גרמים,80.00,100 גרם,false,,11.90,14.8750,true,1,70470
7290015324038,false,פפריקה בשמן שקית 80ג,,,פפריקה בשמן שקית 80ג,גרמים,80.00,100 גרם,false,,6.90,8.6250,true,1,70471
7290015324045,false,פפריקה חריפה שקית 80,,,פפריקה חריפה שקית 80,גרמים,80.00,100 גרם,false,,6.90,8.6250,true,1,70472
7290015324052,false,פפריקה מתוקה שקית 80,,,פפריקה מתוקה שקית 80,גרמים,80.00,100 גרם,false,,6.90,8.6250,true,1,70473
7290015324069,false,גריל עוף שקית 80גר,,,גריל עוף שקית 80גר,גרמים,80.00,100 גרם,false,,6.90,8.6250,true,1,70474
7290015324076,false,זעתר שקית 80גר,,,זעתר שקית 80גר,גרמים,80.00,100 גרם,false,,7.90,9.8750,true,1,70475
7290015324083,false,מלח לימון שקית 80גר,,,מלח לימון שקית 80גר,גרמים,80.00,100 גרם,false,,6.90,8.6250,true,1,70476
7290015324090,false,כמון שקית 80גר,,,כמון שקית 80גר,גרמים,80.00,100 גרם,false,,6.90,8.6250,true,1,70477
7290015324106,false,כורכום שקית 80גר,,,כורכום שקית 80גר,גרמים,80.00,100 גרם,false,,6.90,8.6250,true,1,70478
7290015324113,false,בהרט שקית 80גר,,,בהרט שקית 80גר,גרמים,80.00,100 גרם,false,,7.90,9.8750,true,1,70479
7290015324120,false,שום גבישי שקית 80גר,,,שום גבישי שקית 80גר,גרמים,80.00,100 גרם,false,,9.90,12.3750,true,1,70480
7290015324151,false,חוואג' 80גר,,,חוואג' 80גר,גרמים,80.00,100 גרם,false,,8.90,11.1250,true,1,70481
7290015324168,false,על האש ללא מונוסודיו,,,על האש ללא מונוסודיו,גרמים,80.00,100 גרם,false,,7.90,9.8750,true,1,70482
7290015324175,false,שווארמה ללא מונוסודי,,,שווארמה ללא מונוסודי,גרמים,80.00,100 גרם,false,,7.90,9.8750,true,1,70483
7290015324281,false,בצל מטוגן בשקית 200,,,בצל מטוגן בשקית 200,גרמים,200.00,100 גרם,false,,12.90,6.4500,true,1,92888
7290015324427,false,סודה לשתיה בשקית 80ג,,,סודה לשתיה בשקית 80ג,גרמים,80.00,100 גרם,false,,4.90,6.1250,true,1,120060
7290015324557,false,בהרט לבישול מיכל גדו,,,בהרט לבישול מיכל גדו,גרמים,80.00,100 גרם,false,,9.90,12.3750,true,1,107236
7290015324687,false,מטחנת לקט פלפל 50 גר,,,מטחנת לקט פלפל 50 גר,גרמים,50.00,100 גרם,false,,13.90,27.8000,true,1,140374
7290015324694,false,מטחנת  מלח ים 100 גר,,,מטחנת  מלח ים 100 גר,גרמים,50.00,100 גרם,false,,13.90,27.8000,true,1,140379
7290015350150,false,יין סגל אדום חצי יבש,,,יין סגל אדום חצי יבש,מיליליטרים,750.00,"100 מ""ל",false,,24.90,3.3200,true,1,127052
7290015374354,false,"קרפלך במילוי תפו""א ב",,,"קרפלך במילוי תפו""א ב",גרמים,400.00,100 גרם,false,,12.90,3.2250,true,1,75660
7290015374361,false,"קרפלך במילוי בשר בד""",,,"קרפלך במילוי בשר בד""",גרמים,400.00,100 גרם,false,,12.90,3.2250,true,1,75661
7290015395045,false,קינואה 400גר,,,קינואה 400גר,גרמים,400.00,100 גרם,false,,10.90,2.7250,true,1,73259
7290015470094,false,שוקולד טוסו מריר תפו,,,שוקולד טוסו מריר תפו,גרמים,100.00,100 גרם,false,,13.50,13.5000,true,1,77199
7290015528153,false,"צלחת במבוק 9 ""סידרת",,,"צלחת במבוק 9 ""סידרת",יחידה,0.00,יחידה,false,,25.90,0.0000,true,1,90163
7290015528641,false,מיכל 1 ליטר ארוז 3 י,,,מיכל 1 ליטר ארוז 3 י,יחידה,0.00,יחידה,false,,9.90,0.0000,true,1,106755
7290015528696,false,כוס נייר OZ16 אר'50,,,כוס נייר OZ16 אר'50,יחידה,0.00,יחידה,false,,25.90,0.0000,true,1,99551
7290015528825,false,צלחת 7 מתכלה אר 25 י,,,צלחת 7 מתכלה אר 25 י,יחידה,0.00,יחידה,false,,12.90,0.0000,true,1,93898
7290015528832,false,צלחת 9 מתכלה אר' 25,,,צלחת 9 מתכלה אר' 25,יחידה,0.00,יחידה,false,,14.90,0.0000,true,1,93899
7290015528849,false,צלחת 10 מתכלה אר' 25,,,צלחת 10 מתכלה אר' 25,יחידה,0.00,יחידה,false,,18.90,0.0000,true,1,93900
7290015528863,false,"מרקיה 340 מ""ל מתכלה",,,"מרקיה 340 מ""ל מתכלה",יחידה,0.00,יחידה,false,,10.90,0.0000,true,1,93902
7290015603195,false,אטריות עם תרד 454 גר,,,אטריות עם תרד 454 גר,גרמים,454.00,100 גרם,false,,10.90,2.4009,true,1,73341
7290015603218,false,איטריות בתוספת עגבני,,,איטריות בתוספת עגבני,גרמים,454.00,100 גרם,false,,10.90,2.4009,true,1,89320
7290015603546,false,קרם קוקוס 17-19% 400,,,קרם קוקוס 17-19% 400,מיליליטרים,400.00,"100 מ""ל",false,,10.90,2.7250,true,1,97588
7290015603560,false,קרם קוקוס 20-22% 400,,,קרם קוקוס 20-22% 400,מיליליטרים,400.00,"100 מ""ל",false,,10.90,2.7250,true,1,99941
7290015603638,false,*מבצע* אורז קלרוז 1ק,,,*מבצע* אורז קלרוז 1ק,גרמים,1000.00,100 גרם,false,,11.00,1.1000,true,1,75154
7290015652070,false,קשיו קלוי 150גרם,,,קשיו קלוי 150גרם,גרמים,150.00,100 גרם,false,,10.90,7.2667,true,1,74164
7290015652087,false,תערובת פיצוחים 150גר,,,תערובת פיצוחים 150גר,גרמים,150.00,100 גרם,false,,10.90,7.2667,true,1,74165
7290015652254,false,גרעינים שחורים 400 ג,,,גרעינים שחורים 400 ג,גרמים,400.00,100 גרם,false,,10.00,2.5000,true,1,91712
7290015652278,false,תערובת פיצוחים 250גר,,,תערובת פיצוחים 250גר,גרמים,250.00,100 גרם,false,,20.00,8.0000,true,1,91737
7290015652285,false,אגוזי מלך קלופים 250,,,אגוזי מלך קלופים 250,גרמים,250.00,100 גרם,false,,19.90,7.9600,true,1,74166
7290015652292,false,קבוקים עם שומשום 500,,,קבוקים עם שומשום 500,גרמים,500.00,100 גרם,false,,10.00,2.0000,true,1,74167
7290015652308,false,מנצס ששון הקולה 300,,,מנצס ששון הקולה 300,גרמים,300.00,100 גרם,false,,10.00,3.3333,true,1,91734
7290015652315,false,חמוציות מסוכרות 300ג,,,חמוציות מסוכרות 300ג,גרמים,300.00,100 גרם,false,,10.00,3.3333,true,1,74168
7290015652322,false,בוטנים אמריקאים מצופ,,,בוטנים אמריקאים מצופ,גרמים,400.00,100 גרם,false,,10.00,2.5000,true,1,74169
7290015652384,false,קמח תירס ללא 1קג,,,קמח תירס ללא 1קג,גרמים,1000.00,100 גרם,false,,10.90,1.0900,true,1,90060
7290015652391,false,קמח תירס ללא גלוטן 1,,,קמח תירס ללא גלוטן 1,גרמים,1000.00,100 גרם,false,,10.90,1.0900,true,1,90001
7290015652407,false,פיסטוק 250גר.,,,פיסטוק 250גר.,גרמים,250.00,100 גרם,false,,20.00,8.0000,true,1,91738
7290015695800,false,נבטי ברוקולי,,,נבטי ברוקולי,גרמים,1000.00,100 גרם,false,,9.90,0.9900,true,1,90005
7290015695848,false,נבטי אלפלפא,,,נבטי אלפלפא,גרמים,1000.00,100 גרם,false,,9.90,0.9900,true,1,90010
7290015695855,false,נבטי חמניה,,,נבטי חמניה,גרמים,1000.00,100 גרם,false,,9.90,0.9900,true,1,90011
7290015695886,false,מיקס נבטים,,,מיקס נבטים,גרמים,1000.00,100 גרם,false,,9.90,0.9900,true,1,90014
7290015695916,false,מיקס נבטים ענק,,,מיקס נבטים ענק,גרמים,1000.00,100 גרם,false,,15.90,1.5900,true,1,90016
7290015695923,false,נבטים סיניים,,,נבטים סיניים,גרמים,1000.00,100 גרם,false,,6.90,0.6900,true,1,90017
7290015775632,false,חמאת בוטנים 350גר,,,חמאת בוטנים 350גר,גרמים,350.00,100 גרם,false,,15.90,4.5429,true,1,137807
7290015781015,false,"יין ויז'ן מלבק 750מ""",,,"יין ויז'ן מלבק 750מ""",מיליליטרים,750.00,"100 מ""ל",false,,39.90,5.3200,true,1,89066
7290015781053,false,יין ויזן לבן יבש 750,,,יין ויזן לבן יבש 750,מיליליטרים,750.00,"100 מ""ל",false,,39.90,5.3200,true,1,89068
7290015781091,false,יין ויז'ן קברנה סובי,,,יין ויז'ן קברנה סובי,מיליליטרים,750.00,"100 מ""ל",false,,39.90,5.3200,true,1,89065
7290015781114,false,יין אימפרזיון מרלו 7,,,יין אימפרזיון מרלו 7,מיליליטרים,750.00,"100 מ""ל",false,,49.90,6.6533,true,1,89074
7290015781275,false,יין מוסקטו לבן 750מל,,,יין מוסקטו לבן 750מל,מיליליטרים,750.00,"100 מ""ל",false,,39.90,5.3200,true,1,89070
7290015804394,false,רסק עגבניות 22% 260,,,רסק עגבניות 22% 260,גרמים,260.00,100 גרם,false,,4.90,1.8846,true,1,75354
7290015842631,false,כוס לברד 40 יח,,,כוס לברד 40 יח,יחידה,0.00,יחידה,false,,11.90,0.0000,true,1,106521
7290015855013,false,פלפל טינקרבל ארוז,,,פלפל טינקרבל ארוז,יחידה,0.00,יחידה,false,,8.90,0.0000,true,1,73214
7290015855037,false,פלפל צ'ילי.,,,פלפל צ'ילי.,יחידה,0.00,יחידה,false,,7.90,0.0000,true,1,73444
7290015855051,false,מלפפון מיני ארוז,,,מלפפון מיני ארוז,יחידה,0.00,יחידה,false,,8.90,0.0000,true,1,72800
7290015855129,false,כרוב קייל ארוז,,,כרוב קייל ארוז,יחידה,0.00,יחידה,false,,10.90,0.0000,true,1,99511
7290015855143,false,שום קלוף 170גרם,,,שום קלוף 170גרם,יחידה,0.00,יחידה,false,,11.90,0.0000,true,1,89870
7290015855228,false,אספרגוס,,,אספרגוס,יחידה,0.00,יחידה,false,,28.00,0.0000,true,1,75184
7290015855358,false,בצלצלי שאלוט,,,בצלצלי שאלוט,יחידה,0.00,יחידה,false,,9.90,0.0000,true,1,100042
7290015855495,false,חסה לאליק,,,חסה לאליק,יחידה,0.00,יחידה,false,,12.90,0.0000,true,1,138826
7290015856621,false,ביסקוויט תירוש קרמל,,,ביסקוויט תירוש קרמל,גרמים,175.00,100 גרם,false,,7.90,4.5143,true,1,112676
7290015856867,false,בסקויט פתי בר שוקו 1,,,בסקויט פתי בר שוקו 1,גרמים,1000.00,100 גרם,false,,15.90,1.5900,true,1,136056
7290015856942,false,קרם קרקר עם זעתר 250,,,קרם קרקר עם זעתר 250,גרמים,250.00,100 גרם,false,,7.50,3.0000,true,1,138687
7290015858106,false,ממרח פסטו ביתי 180 ג,,,ממרח פסטו ביתי 180 ג,גרמים,180.00,100 גרם,false,,16.90,9.3889,true,1,100102
7290015858113,false,ממרח עגבניות מיובשות,,,ממרח עגבניות מיובשות,גרמים,180.00,100 גרם,false,,16.90,9.3889,true,1,100142
7290015858175,false,ממרח פלפלים קלויים 1,,,ממרח פלפלים קלויים 1,גרמים,180.00,100 גרם,false,,16.90,9.3889,true,1,100132
7290015858212,false,ממרח לימון כבוש 180,,,ממרח לימון כבוש 180,גרמים,180.00,100 גרם,false,,16.90,9.3889,true,1,100126
7290015858229,false,ממרח טפנד זיתי קלמטה,,,ממרח טפנד זיתי קלמטה,גרמים,180.00,100 גרם,false,,16.90,9.3889,true,1,100123
7290015865708,false,קונפיטורה תענוג פרי,קריות זול,,קונפיטורה תענוג פרי,גרמים,400.00,100 גרם,false,,17.90,4.4750,true,1,141003
7290015865715,false,קונפיטורה תענוג פרי,קריות זול,,קונפיטורה תענוג פרי,גרמים,400.00,100 גרם,false,,17.90,4.4750,true,1,141004
7290016006292,false,ספרינג מנגו בננה מלו,,,ספרינג מנגו בננה מלו,מיליליטרים,1000.00,"100 מ""ל",false,,7.90,0.7900,true,1,76215
7290016006346,false,שוופס סודה מארז שישי,,,שוופס סודה מארז שישי,מיליליטרים,3000.00,"100 מ""ל",false,,15.90,0.5300,true,1,91794
7290016028348,false,מפת אל בד חתוך 11/18,,,מפת אל בד חתוך 11/18,יחידה,0.00,יחידה,false,,4.90,0.0000,true,1,93906
7290016028461,false,מגש לפיצוחים שקוף 12,,,מגש לפיצוחים שקוף 12,יחידה,0.00,יחידה,false,,9.90,0.0000,true,1,90198
7290016028836,false,קש מתקפל צבעוני אר',,,קש מתקפל צבעוני אר',יחידה,0.00,יחידה,false,,8.90,0.0000,true,1,138093
7290016028867,false,נר מחליף 4 צבעים דנט,,,נר מחליף 4 צבעים דנט,יחידה,0.00,יחידה,false,,11.90,0.0000,true,1,101486
7290016087147,false,רוטב עגבניות לפיצה מ,,,רוטב עגבניות לפיצה מ,גרמים,240.00,100 גרם,false,,6.90,2.8750,true,1,98950
7290016087222,false,רוטב עגבניות מרוכז ל,,,רוטב עגבניות מרוכז ל,גרמים,230.00,100 גרם,false,,6.90,3.0000,true,1,98948
7290016087499,false,עגבניות חתוכות דק של,,,עגבניות חתוכות דק של,יחידה,0.00,יחידה,false,,14.90,0.0000,true,1,98966
7290016096583,false,טונה פרינס שלישייה 3,,,טונה פרינס שלישייה 3,גרמים,240.00,100 גרם,false,,10.90,4.5417,true,1,95096
7290016102062,false,מגש מחולק ל 4,,,מגש מחולק ל 4,יחידה,0.00,יחידה,false,,9.90,0.0000,true,1,106545
7290016102550,false,צלחות 10 ענק שקוף קש,,,צלחות 10 ענק שקוף קש,יחידה,0.00,יחידה,false,,34.90,0.0000,true,1,112241
7290016102789,false,צלחות קטן 50 יח',,,צלחות קטן 50 יח',יחידה,0.00,יחידה,false,,9.90,0.0000,true,1,113065
7290016114300,false,לילי דאבל לבן נייר ט,,,לילי דאבל לבן נייר ט,יחידה,0.00,יחידה,false,,39.90,0.0000,true,1,89262
7290016136746,false,אטריות בצורת מקלונים,,,אטריות בצורת מקלונים,גרמים,340.00,100 גרם,false,,10.90,3.2059,true,1,98645
7290016144000,false,קמח נפלאות חיטה 80%,,,קמח נפלאות חיטה 80%,גרמים,1000.00,100 גרם,false,,9.90,0.9900,true,1,139253
7290016144055,false,קמח נפלאות כוסמין 80,,,קמח נפלאות כוסמין 80,גרמים,1000.00,100 גרם,false,,15.90,1.5900,true,1,139257
7290016150117,false,סלק וואקום,,,סלק וואקום,גרמים,500.00,100 גרם,false,,6.90,1.3800,true,1,76540
7290016150711,false,נוזל קוקוס אבאל 400,,,נוזל קוקוס אבאל 400,גרמים,400.00,100 גרם,false,,6.90,1.7250,true,1,106952
7290016162264,false,עוגת גבינה רנסנס 450,,,עוגת גבינה רנסנס 450,גרמים,450.00,100 גרם,false,,42.90,9.5333,true,1,75814
7290016188585,false,יין למברוסקו רוזה חצ,,,יין למברוסקו רוזה חצ,מיליליטרים,750.00,"100 מ""ל",false,,24.90,3.3200,true,1,91809
7290016197488,false,מטלית קסם לשיש ניקול,,,מטלית קסם לשיש ניקול,יחידה,0.00,יחידה,false,,15.90,0.0000,true,1,76061
7290016197495,false,מטליות מיקרופייבר זו,,,מטליות מיקרופייבר זו,יחידה,0.00,יחידה,false,,19.90,0.0000,true,1,76062
7290016197839,false,השקית החזקה 20יח XL,,,השקית החזקה 20יח XL,יחידה,0.00,יחידה,false,,21.90,0.0000,true,1,76063
7290016197877,false,שקית לפחי מטבח קטנים,,,שקית לפחי מטבח קטנים,יחידה,0.00,יחידה,false,,21.90,0.0000,true,1,76064
7290016217735,false,חציל אש 200 גר שמיר,,,חציל אש 200 גר שמיר,גרמים,200.00,100 גרם,false,,14.90,7.4500,true,1,93060
7290016217759,false,סלט חציל מרוקאי 200,,,סלט חציל מרוקאי 200,גרמים,200.00,100 גרם,false,,14.90,7.4500,true,1,93062
7290016233711,false,פסטה לה פסטה לינגווי,,,פסטה לה פסטה לינגווי,גרמים,400.00,100 גרם,false,,5.90,1.4750,true,1,97168
7290016246711,false,טחינה בארכה מעודנת ה,,,טחינה בארכה מעודנת ה,גרמים,310.00,100 גרם,false,,14.90,4.8065,true,1,106720
7290016276534,false,שמן קוקוס לא מזוכך 5,,,שמן קוקוס לא מזוכך 5,מיליליטרים,500.00,"100 מ""ל",false,,29.90,5.9800,true,1,89994
7290016276756,false,מעדן 4 פירות 100% רכ,,,מעדן 4 פירות 100% רכ,גרמים,284.00,100 גרם,false,,12.90,4.5423,true,1,89655
7290016276763,false,מעדן שזיף 100% רכיבי,,,מעדן שזיף 100% רכיבי,גרמים,284.00,100 גרם,false,,12.90,4.5423,true,1,89656
7290016276787,false,מעדן אננס 100% רכיבי,,,מעדן אננס 100% רכיבי,גרמים,284.00,100 גרם,false,,12.90,4.5423,true,1,89658
7290016276831,false,תבשיל איטריות בטעם ב,,,תבשיל איטריות בטעם ב,גרמים,70.00,100 גרם,false,,6.90,9.8571,true,1,90002
7290016276848,false,תבשיל איטריות בטעם ע,,,תבשיל איטריות בטעם ע,גרמים,70.00,100 גרם,false,,6.90,9.8571,true,1,90003
7290016276855,false,תבשיל איטריות בטעם י,,,תבשיל איטריות בטעם י,גרמים,70.00,100 גרם,false,,6.90,9.8571,true,1,90004
7290016319309,false,פמלי אל סבון מאסק+ מ,,,פמלי אל סבון מאסק+ מ,מיליליטרים,1000.00,"100 מ""ל",false,,14.90,1.4900,true,1,89115
7290016321722,false,פרש וואנס מגבונים בו,,,פרש וואנס מגבונים בו,יחידה,0.00,יחידה,false,,5.90,0.0000,true,1,100756
7290016372342,false,עגבניות חתוכות לקובי,,,עגבניות חתוכות לקובי,גרמים,1200.00,100 גרם,false,,14.90,1.2417,true,1,94660
7290016372458,false,תה לימונית ולואיזה ו,קריות זול,,תה לימונית ולואיזה ו,יח',50.00,יח',false,,37.90,0.7580,true,1,94659
7290016387254,false,מצע לייבוש כלים,,,מצע לייבוש כלים,יחידה,0.00,יחידה,false,,9.90,0.0000,true,1,90254
7290016387841,false,אטבי כביסה ג'וי צבעו,,,אטבי כביסה ג'וי צבעו,יחידה,0.00,יחידה,false,,13.90,0.0000,true,1,95547
7290016408294,false,מרשמלו ורוד לבן כרמי,,,מרשמלו ורוד לבן כרמי,גרמים,150.00,100 גרם,false,,5.90,3.9333,true,1,95338
7290016437645,false,האגיס פרידום דריי PA,,,האגיס פרידום דריי PA,יחידה,0.00,יחידה,false,,49.90,0.0000,true,1,95919
7290016440652,false,תערובת פרוסות ירקות,,,תערובת פרוסות ירקות,גרמים,0.00,גרם,false,,19.90,0.0000,true,1,136327
7290016440928,false,ירקות כבושים חומץ מת,,,ירקות כבושים חומץ מת,גרמים,0.00,גרם,false,,19.90,0.0000,true,1,136330
7290016475067,false,לאפות 4יח מכבים,,,לאפות 4יח מכבים,יח',4.00,יח',false,,12.90,3.2250,true,1,135598
7290016509786,false,פרסיל ג'ל 2.5ליטר יר,,,פרסיל ג'ל 2.5ליטר יר,ליטרים,2.50,ליטר,false,,34.90,13.9600,true,1,97702
7290016509809,false,פרסיל ג'ל 2.5 ליטר ק,,,פרסיל ג'ל 2.5 ליטר ק,ליטרים,2.50,ליטר,false,,34.90,13.9600,true,1,101973
7290016509823,false,פרסיל ג'ל 2.5 ליטר ב,,,פרסיל ג'ל 2.5 ליטר ב,ליטרים,2.50,ליטר,false,,34.90,13.9600,true,1,97688
7290016509830,false,פרסיל ג'ל 2.5 ליטר ב,,,פרסיל ג'ל 2.5 ליטר ב,ליטרים,2.50,ליטר,false,,34.90,13.9600,true,1,97689
7290016509847,false,פרסיל גל כביסה שחור2,,,פרסיל גל כביסה שחור2,ליטרים,2.50,ליטר,false,,34.90,13.9600,true,1,98448
7290016510225,false,הוואי תחליב רחצה וני,,,הוואי תחליב רחצה וני,מיליליטרים,700.00,"100 מ""ל",false,,13.90,1.9857,true,1,97635
7290016510232,false,הוואי תחליב רחצה יוג,,,הוואי תחליב רחצה יוג,מיליליטרים,700.00,"100 מ""ל",false,,13.90,1.9857,true,1,97636
7290016510249,false,הוואי תחליב רחצה יוג,,,הוואי תחליב רחצה יוג,מיליליטרים,700.00,"100 מ""ל",false,,13.90,1.9857,true,1,97639
7290016510317,false,הוואי תחליב רחצה לגב,,,הוואי תחליב רחצה לגב,מיליליטרים,700.00,"100 מ""ל",false,,13.90,1.9857,true,1,97643
7290016510324,false,הוואי תחליב רחצה לגב,,,הוואי תחליב רחצה לגב,מיליליטרים,700.00,"100 מ""ל",false,,13.90,1.9857,true,1,97644
7290016510904,false,הוואי מרכך לשיער פרי,קריות זול,,הוואי מרכך לשיער פרי,מיליליטרים,700.00,"100 מ""ל",false,,13.90,1.9857,true,1,100230
7290016580174,false,צלחת 9 צבעוני לבן/ ק,,,צלחת 9 צבעוני לבן/ ק,יח',100.00,יח',false,,39.90,0.3990,true,1,99212
7290016580440,false,תבניות עגולות גדולות,,,תבניות עגולות גדולות,יחידה,0.00,יחידה,false,,9.90,0.0000,true,1,99574
7290016580723,false,"צלחת פרח שקופה 9"" אר",,,"צלחת פרח שקופה 9"" אר",יחידה,0.00,יחידה,false,,39.90,0.0000,true,1,99553
7290016601886,false,תרסיסי נירוסטה מגיק,,,תרסיסי נירוסטה מגיק,מיליליטרים,500.00,"100 מ""ל",false,,16.90,3.3800,true,1,93953
7290016621013,false,קמיל בלו קרם גוף לתי,,,קמיל בלו קרם גוף לתי,מיליליטרים,500.00,"100 מ""ל",false,,29.90,5.9800,true,1,92873
7290016717044,false,באז משקה מבוסס יין מ,,,באז משקה מבוסס יין מ,מיליליטרים,750.00,"100 מ""ל",false,,26.90,3.5867,true,1,127965
7290016866650,false,פרודונטקס משחת שיניי,,,פרודונטקס משחת שיניי,מיליליטרים,75.00,"100 מ""ל",false,,29.90,39.8667,true,1,98914
7290016866667,false,פרודונטקס משחת שיניי,,,פרודונטקס משחת שיניי,מיליליטרים,75.00,"100 מ""ל",false,,24.90,33.2000,true,1,97742
7290016866674,false,פרודונטקס משחת שיניי,,,פרודונטקס משחת שיניי,מיליליטרים,75.00,"100 מ""ל",false,,29.90,39.8667,true,1,97743
7290016882407,false,ממרח חצילים קלויים 5,,,ממרח חצילים קלויים 5,גרמים,550.00,100 גרם,false,,9.90,1.8000,true,1,128241
7290017023212,false,שוופס מוגז פירות רבי,,,שוופס מוגז פירות רבי,מיליליטרים,1320.00,"100 מ""ל",false,,15.90,1.2045,true,1,97091
7290017023229,false,שוופס מוגז פירות רבי,,,שוופס מוגז פירות רבי,מיליליטרים,1320.00,"100 מ""ל",false,,15.90,1.2045,true,1,97092
7290017023236,false,שוופס מוגז פירות ענב,,,שוופס מוגז פירות ענב,מיליליטרים,1320.00,"100 מ""ל",false,,15.90,1.2045,true,1,97093
7290017023663,false,שוופס מוגז פירות למו,,,שוופס מוגז פירות למו,מיליליטרים,1320.00,"100 מ""ל",false,,15.90,1.2045,true,1,100162
7290017023816,false,ספרינג פירות טרופיים,,,ספרינג פירות טרופיים,מיליליטרים,1000.00,"100 מ""ל",false,,15.90,1.5900,true,1,100164
7290017023861,false,שוופס סודה לימון 4*2,,,שוופס סודה לימון 4*2,מיליליטרים,1000.00,"100 מ""ל",false,,13.90,1.3900,true,1,100167
7290017023878,false,שוופס סודה נענע ליים,,,שוופס סודה נענע ליים,מיליליטרים,1000.00,"100 מ""ל",false,,13.90,1.3900,true,1,100168
7290017031477,false,משחת שיניים סנסודיין,,,משחת שיניים סנסודיין,מטרים,75.00,100 מ'ל,false,,21.90,29.2000,true,1,136984
7290017040325,false,פיצה איטלקית טבעונית,קריות זול,,פיצה איטלקית טבעונית,גרמים,360.00,100 גרם,false,,25.90,7.1944,true,1,139297
7290017058146,false,רסק תפוח עץ עם אפרסק,,,רסק תפוח עץ עם אפרסק,יחידה,0.00,יחידה,false,,12.90,0.0000,true,1,97580
7290017062730,false,טאצ' נוזל כלים תפוח,,,טאצ' נוזל כלים תפוח,מיליליטרים,750.00,"100 מ""ל",false,,8.90,1.1867,true,1,128722
7290017062747,false,טאצ' נוזל כלים לימון,,,טאצ' נוזל כלים לימון,מיליליטרים,750.00,"100 מ""ל",false,,8.90,1.1867,true,1,128721
7290017062754,false,טאצ' נוזל כלים שדות,,,טאצ' נוזל כלים שדות,מיליליטרים,750.00,"100 מ""ל",false,,8.90,1.1867,true,1,128723
7290017065007,false,מוצרלה פרוסה 150 גרם,,,מוצרלה פרוסה 150 גרם,גרמים,150.00,100 גרם,false,,19.60,13.0667,true,1,92704
7290017065137,false,ריקוטה למריחה 5% טבע,,,ריקוטה למריחה 5% טבע,גרמים,200.00,100 גרם,false,,10.90,5.4500,true,1,95776
7290017065144,false,ריקוטה למריחה 5% עפ,,,ריקוטה למריחה 5% עפ,גרמים,200.00,100 גרם,false,,10.90,5.4500,true,1,95778
7290017065168,false,גבינה כחולה 100 גרם,,,גבינה כחולה 100 גרם,גרמים,100.00,100 גרם,false,,17.90,17.9000,true,1,97096
7290017065212,false,קרם מסקרפונה 250 גרם,,,קרם מסקרפונה 250 גרם,גרמים,250.00,100 גרם,false,,21.90,8.7600,true,1,97099
7290017065236,false,בולגרית מעודנת 250גר,,,בולגרית מעודנת 250גר,גרמים,250.00,100 גרם,false,,24.90,9.9600,true,1,100923
7290017065434,false,פרוסות גאודה 200 גרם,,,פרוסות גאודה 200 גרם,גרמים,200.00,100 גרם,false,,22.90,11.4500,true,1,100390
7290017065441,false,פרוסות גאודה עיזים 2,,,פרוסות גאודה עיזים 2,גרמים,200.00,100 גרם,false,,35.90,17.9500,true,1,100391
7290017065526,false,קוואטרו פורמאג'י 300,,,קוואטרו פורמאג'י 300,גרמים,300.00,100 גרם,false,,29.90,9.9667,true,1,100399
7290017065588,false,יוגורט יווני 600 גרם,קריות זול,,יוגורט יווני 600 גרם,גרמים,600.00,100 גרם,false,,16.90,2.8167,true,1,120169
7290017065731,false,גבינת שמנת ניו יורק,,,גבינת שמנת ניו יורק,גרמים,200.00,100 גרם,false,,13.90,6.9500,true,1,135468
7290017088112,false,בייביסיטר פרפורמנס נ,,,בייביסיטר פרפורמנס נ,יח',36.00,יח',false,,29.90,0.8306,true,1,97036
7290017088129,false,בייביסיטר פרפורמנס נ,,,בייביסיטר פרפורמנס נ,יח',34.00,יח',false,,29.90,0.8794,true,1,97037
7290017088136,false,בייביסיטר פרפורמנס נ,,,בייביסיטר פרפורמנס נ,יח',32.00,יח',false,,29.90,0.9344,true,1,97038
7290017088143,false,בייביסיטר פרפורמנס נ,,,בייביסיטר פרפורמנס נ,יח',30.00,יח',false,,29.90,0.9967,true,1,97039
7290017088327,false,מגבוני בייביסיטר אקס,,,מגבוני בייביסיטר אקס,יחידה,0.00,יחידה,false,,15.90,0.0000,true,1,120208
7290017094847,false,סלט תפוחי אדמה 400 ג,,,סלט תפוחי אדמה 400 ג,גרמים,400.00,100 גרם,false,,14.90,3.7250,true,1,99192
7290017094861,false,חומוס עם רוטב מסבחה,,,חומוס עם רוטב מסבחה,גרמים,400.00,100 גרם,false,,14.90,3.7250,true,1,99194
7290017105369,false,סירופ דיאט אייס אפרס,,,סירופ דיאט אייס אפרס,מיליליטרים,1000.00,"100 מ""ל",false,,16.90,1.6900,true,1,100800
7290017105383,false,תירס קיד יכין שלישיי,,,תירס קיד יכין שלישיי,גרמים,495.00,100 גרם,false,,15.90,3.2121,true,1,113034
7290017105468,false,אפונה גינה יכין Oz2,,,אפונה גינה יכין Oz2,גרמים,600.00,100 גרם,false,,15.90,2.6500,true,1,112311
7290017105550,false,רסק עגבניות 100% מאג,,,רסק עגבניות 100% מאג,גרמים,400.00,100 גרם,false,,11.90,2.9750,true,1,107829
7290017121048,false,ממרח פלפל צ'ומה 250,,,ממרח פלפל צ'ומה 250,גרמים,250.00,100 גרם,false,,13.90,5.5600,true,1,100134
7290017121093,false,ממרח אריסה חריפה 250,,,ממרח אריסה חריפה 250,גרמים,250.00,100 גרם,false,,13.90,5.5600,true,1,100135
7290017129778,false,אגו שוקולד פרימיום 7,,,אגו שוקולד פרימיום 7,גרמים,100.00,100 גרם,false,,8.90,8.9000,true,1,97992
7290017129846,false,מיני קוקיס בטעם קרמל,קריות זול,,מיני קוקיס בטעם קרמל,גרמים,600.00,100 גרם,false,,17.90,2.9833,true,1,97994
7290017142111,false,פתיתי טונה בהירה בשמ,,,פתיתי טונה בהירה בשמ,יחידה,0.00,יחידה,false,,9.90,0.0000,true,1,97279
7290017142128,false,שמן זית כתית מעולה ק,,,שמן זית כתית מעולה ק,מיליליטרים,750.00,"100 מ""ל",false,,34.90,4.6533,true,1,96065
7290017142159,false,נתחי טונה בהירה בשמן,,,נתחי טונה בהירה בשמן,גרמים,240.00,100 גרם,false,,25.90,10.7917,true,1,97274
7290017142166,false,פילה טונה פרוס עם שמ,,,פילה טונה פרוס עם שמ,גרמים,120.00,100 גרם,false,,15.90,13.2500,true,1,99892
7290017142180,false,פילה טונה פרוס עם שמ,,,פילה טונה פרוס עם שמ,גרמים,120.00,100 גרם,false,,15.90,13.2500,true,1,99894
7290017142371,false,"שמן שומשום ""עץ הזית""",,,"שמן שומשום ""עץ הזית""",מיליליטרים,250.00,"100 מ""ל",false,,29.90,11.9600,true,1,137261
7290017142388,false,שמן חמניות פלוס 1 לי,,,שמן חמניות פלוס 1 לי,ליטרים,1.00,ליטר,false,,17.90,17.9000,true,1,137264
7290017142395,false,טונה עם פסטה בשמן זי,,,טונה עם פסטה בשמן זי,גרמים,160.00,100 גרם,false,,14.90,9.3125,true,1,113205
7290017142487,false,בורגול עם גרגירי חומ,,,בורגול עם גרגירי חומ,גרמים,160.00,100 גרם,false,,14.90,9.3125,true,1,136299
7290017142609,false,תרסיס שמן זית  בטעם,,,תרסיס שמן זית  בטעם,מיליליטרים,150.00,"100 מ""ל",false,,19.90,13.2667,true,1,140377
7290017197029,false,אל סבון מאסק לבן 1 ל,,,אל סבון מאסק לבן 1 ל,ליטרים,1.00,ליטר,false,,9.90,9.9000,true,1,100740
7290017239101,false,פילה סלמון אטלנטי מע,,,פילה סלמון אטלנטי מע,גרמים,100.00,100 גרם,false,,23.90,23.9000,true,1,113297
7290017239187,false,מקרל בעישון קר פרוס,,,מקרל בעישון קר פרוס,גרמים,250.00,100 גרם,false,,32.90,13.1600,true,1,137717
7290017275345,false,טחינה גולמית בקבוק ל,,,טחינה גולמית בקבוק ל,גרמים,350.00,100 גרם,false,,9.90,2.8286,true,1,140805
7290017275369,false,טחינה גולמית משומשום,,,טחינה גולמית משומשום,גרמים,500.00,100 גרם,false,,14.90,2.9800,true,1,137814
7290017289199,false,יין ישראלי לבן יבש 7,,,יין ישראלי לבן יבש 7,מיליליטרים,750.00,"100 מ""ל",false,,24.90,3.3200,true,1,99126
7290017289205,false,יין קברנה סוביניון 7,,,יין קברנה סוביניון 7,מיליליטרים,750.00,"100 מ""ל",false,,24.90,3.3200,true,1,99127
7290017289618,false,"יין פטיט סירה 750 מ""",,,"יין פטיט סירה 750 מ""",מיליליטרים,750.00,"100 מ""ל",false,,49.90,6.6533,true,1,120103
7290017297149,false,גרגירי חומוס להכנה ח,,,גרגירי חומוס להכנה ח,גרמים,550.00,100 גרם,false,,8.90,1.6182,true,1,128533
7290017297637,false,רוטב עגבניות מרוכז 2,,,רוטב עגבניות מרוכז 2,גרמים,580.00,100 גרם,false,,8.90,1.5345,true,1,138138
7290017297644,false,ברוקולי גרין אנד פרש,,,ברוקולי גרין אנד פרש,גרמים,800.00,100 גרם,false,,14.90,1.8625,true,1,138157
7290017297682,false,כרובית גרין אנד פרש,,,כרובית גרין אנד פרש,גרמים,800.00,100 גרם,false,,12.90,1.6125,true,1,138156
7290017339610,false,חלה בריוש 6 כדורים,,,חלה בריוש 6 כדורים,יחידה,0.00,יחידה,false,,19.90,0.0000,true,1,137492
7290017339627,false,חלה  בריוש כתר,,,חלה  בריוש כתר,יחידה,0.00,יחידה,false,,19.90,0.0000,true,1,137483
7290017396033,false,בייגל רומני,,,בייגל רומני,יחידה,0.00,יחידה,false,,18.90,0.0000,true,1,138947
7290017396071,false,המבורגר פרימיום,,,המבורגר פרימיום,יחידה,0.00,יחידה,false,,18.90,0.0000,true,1,135873
7290017396163,false,לחם שיפון,,,לחם שיפון,יחידה,0.00,יחידה,false,,17.90,0.0000,true,1,135882
7290017396170,false,לחם שאור איטקי לבן,,,לחם שאור איטקי לבן,יחידה,0.00,יחידה,false,,17.90,0.0000,true,1,135883
7290017396187,false,לחם קלמטה,,,לחם קלמטה,יחידה,0.00,יחידה,false,,17.90,0.0000,true,1,135884
7290017396194,false,לחם דגנים דבש,,,לחם דגנים דבש,יחידה,0.00,יחידה,false,,19.90,0.0000,true,1,137487
7290017396217,false,לחם דגנים,,,לחם דגנים,יחידה,0.00,יחידה,false,,17.90,0.0000,true,1,135886
7290017396224,false,לחם כוסמין,,,לחם כוסמין,יחידה,0.00,יחידה,false,,17.90,0.0000,true,1,135887
7290017396248,false,מיני המבורגר,,,מיני המבורגר,יחידה,0.00,יחידה,false,,18.90,0.0000,true,1,137475
7290017396286,false,בייגל ירושלמי,,,בייגל ירושלמי,יחידה,0.00,יחידה,false,,18.90,0.0000,true,1,135892
7290017396415,false,ג'בטה דגנים,,,ג'בטה דגנים,יחידה,0.00,יחידה,false,,18.90,0.0000,true,1,137485
7290017396422,false,ג'בטינה דגנים,,,ג'בטינה דגנים,יחידה,0.00,יחידה,false,,18.90,0.0000,true,1,137484
7290017396439,false,ג'בטה לבן,,,ג'בטה לבן,יחידה,0.00,יחידה,false,,18.90,0.0000,true,1,137486
7290017396453,false,ביס חיטה,,,ביס חיטה,יחידה,0.00,יחידה,false,,18.90,0.0000,true,1,137471
7290017396507,false,בייגל חיטה,,,בייגל חיטה,יחידה,0.00,יחידה,false,,18.90,0.0000,true,1,137472
7290017396606,false,לחמניית שמיניה מתוקה,,,לחמניית שמיניה מתוקה,יחידה,0.00,יחידה,false,,18.90,0.0000,true,1,137482
7290017440286,false,מרכך שיער קידס פישר,,,מרכך שיער קידס פישר,מטרים,750.00,100 מ'ל,false,,17.90,2.3867,true,1,107048
7290017440323,false,שמפו +מרכך קידס פישר,,,שמפו +מרכך קידס פישר,מטרים,750.00,100 מ'ל,false,,17.90,2.3867,true,1,107050
7290017440965,false,קמיל אל סבון 1 ליטר,,,קמיל אל סבון 1 ליטר,מיליליטרים,1000.00,"100 מ""ל",false,,16.90,1.6900,true,1,107046
7290017457598,false,סוד מרכך מרוכז קיץ 9,,,סוד מרכך מרוכז קיץ 9,מיליליטרים,900.00,"100 מ""ל",false,,14.90,1.6556,true,1,100457
7290017457703,false,סוד מרכך מרוכז ארומת,,,סוד מרכך מרוכז ארומת,מיליליטרים,900.00,"100 מ""ל",false,,14.90,1.6556,true,1,100452
7290017457727,false,סוד מרכך מרוכז כחול,,,סוד מרכך מרוכז כחול,מיליליטרים,900.00,"100 מ""ל",false,,14.90,1.6556,true,1,100453
7290017457734,false,סוד מרכך מרוכז ורוד,,,סוד מרכך מרוכז ורוד,מיליליטרים,900.00,"100 מ""ל",false,,14.90,1.6556,true,1,100454
7290017457925,false,סוד מרכך מרוכז פרש ב,,,סוד מרכך מרוכז פרש ב,מיליליטרים,900.00,"100 מ""ל",false,,14.90,1.6556,true,1,128889
7290017457932,false,סוד מרכך מרוכז פרש ב,,,סוד מרכך מרוכז פרש ב,מיליליטרים,900.00,"100 מ""ל",false,,14.90,1.6556,true,1,128890
7290017457949,false,פרסיל קולור אבקת כבי,קריות זול,,פרסיל קולור אבקת כבי,קילוגרמים,2.50,"ק""ג",false,,24.90,9.9600,true,1,127798
7290017470177,false,קש 200יח מתקפל צבעונ,,,קש 200יח מתקפל צבעונ,יחידה,0.00,יחידה,false,,10.90,0.0000,true,1,102750
7290017470474,false,צימרוני אוזניים עץ 3,,,צימרוני אוזניים עץ 3,יחידה,0.00,יחידה,false,,4.90,0.0000,true,1,120846
7290017477275,false,גרעיני חמנייה קלופים,,,גרעיני חמנייה קלופים,גרמים,200.00,100 גרם,false,,10.00,5.0000,true,1,97469
7290017477305,false,זרעי צ'יה 250 גרם.,,,זרעי צ'יה 250 גרם.,גרמים,250.00,100 גרם,false,,10.00,4.0000,true,1,97473
7290017477350,false,תערובת לסלט ירוק 200,,,תערובת לסלט ירוק 200,גרמים,200.00,100 גרם,false,,10.00,5.0000,true,1,97472
7290017477558,false,שמן זית ספרדי לה איס,,,שמן זית ספרדי לה איס,מיליליטרים,750.00,"100 מ""ל",false,,29.90,3.9867,true,1,98691
7290017477596,false,תמר מג'הול 400 גרם א,,,תמר מג'הול 400 גרם א,גרמים,400.00,100 גרם,false,,19.90,4.9750,true,1,112220
7290017513393,false,תה ירוק סופר גרין בת,קריות זול,,תה ירוק סופר גרין בת,גרמים,87.00,100 גרם,false,,26.90,30.9195,true,1,106985
7290017513775,false,בייגלה מצופה שוקולד,,,בייגלה מצופה שוקולד,גרמים,140.00,100 גרם,false,,9.90,7.0714,true,1,127860
7290017513782,false,בייגלה מצופה שוקולד,,,בייגלה מצופה שוקולד,גרמים,140.00,100 גרם,false,,9.90,7.0714,true,1,127861
7290017513850,false,תה ירוק נענע בתוספת,,,תה ירוק נענע בתוספת,גרמים,37.50,100 גרם,false,,26.90,71.7333,true,1,128010
7290017513867,false,תה ירוק לימונית לואי,,,תה ירוק לימונית לואי,גרמים,37.50,100 גרם,false,,26.90,71.7333,true,1,128011
7290017589565,false,יין קלאסיק ברקן גוור,,,יין קלאסיק ברקן גוור,מטרים,750.00,100 מ'ל,false,,39.90,5.3200,true,1,113023
7290017589633,false,יין רזרב ברקן גולד א,קריות זול,,יין רזרב ברקן גולד א,מיליליטרים,750.00,"100 מ""ל",false,,49.90,6.6533,true,1,99812
7290017599229,false,סוכרזית סוכרלוז 200,,,סוכרזית סוכרלוז 200,יח',200.00,יח',false,,25.90,0.1295,true,1,137786
7290017599304,false,סוכרזית סטיוויה כפית,,,סוכרזית סטיוויה כפית,גרמים,400.00,100 גרם,false,,39.90,9.9750,true,1,140762
7290017617435,false,סטארקיסט מיקס סלמון,,,סטארקיסט מיקס סלמון,גרמים,160.00,100 גרם,false,,15.90,9.9375,true,1,140757
7290017637204,false,ג'ל אלכוהול 70% נובו,,,ג'ל אלכוהול 70% נובו,מיליליטרים,100.00,"מ""ל",false,,8.90,0.0890,true,1,128083
7290017682556,false,שיפודים עבה 30סמ,,,שיפודים עבה 30סמ,יחידה,0.00,יחידה,false,,3.90,0.0000,true,1,127995
7290017812052,false,יין אקסלנס שיראז-קבר,קריות זול,,יין אקסלנס שיראז-קבר,מיליליטרים,750.00,"100 מ""ל",false,,24.90,3.3200,true,1,99288
7290017812069,false,יין אקסלנס ריזלינג-ש,,,יין אקסלנס ריזלינג-ש,מיליליטרים,750.00,"100 מ""ל",false,,24.90,3.3200,true,1,99289
7290017812588,false,מיץ ענבים לבן 100% ט,,,מיץ ענבים לבן 100% ט,מיליליטרים,1000.00,"100 מ""ל",false,,19.90,1.9900,true,1,112699
7290017812830,false,יין רוזה פריווט קולק,קריות זול,,יין רוזה פריווט קולק,מיליליטרים,750.00,"100 מ""ל",false,,39.90,5.3200,true,1,135170
7290017812847,false,יין סלקטד פרנץ' גוור,קריות זול,,יין סלקטד פרנץ' גוור,מיליליטרים,750.00,"100 מ""ל",false,,29.90,3.9867,true,1,135171
7290017812861,false,יין וינו לבן יבש 750,קריות זול,,יין וינו לבן יבש 750,מיליליטרים,750.00,"100 מ""ל",false,,21.90,2.9200,true,1,135172
7290017812878,false,יין אקסלנס רוזה 750,קריות זול,,יין אקסלנס רוזה 750,מיליליטרים,750.00,"100 מ""ל",false,,24.90,3.3200,true,1,135173
7290017812885,false,סוביניון גוורצטרמינר,,,סוביניון גוורצטרמינר,מיליליטרים,750.00,"100 מ""ל",false,,39.90,5.3200,true,1,136011
7290017871363,false,פמלי יהלום סבון ידיי,קריות זול,,פמלי יהלום סבון ידיי,מיליליטרים,500.00,"100 מ""ל",false,,9.90,1.9800,true,1,120538
7290017871370,false,פמלי יהלום סבון ידיי,קריות זול,,פמלי יהלום סבון ידיי,מיליליטרים,500.00,"100 מ""ל",false,,9.90,1.9800,true,1,120539
7290017871707,false,טוסו חטיף פצפוצי אור,,,טוסו חטיף פצפוצי אור,גרמים,135.00,100 גרם,false,,15.90,11.7778,true,1,107020
7290017872049,false,פמלי אל סבון שלישייה,,,פמלי אל סבון שלישייה,מיליליטרים,1500.00,"100 מ""ל",false,,15.90,1.0600,true,1,120471
7290017872063,false,"פמלי אל סבון 500 מ""ל",קריות זול,,"פמלי אל סבון 500 מ""ל",ליטרים,1.50,ליטר,false,,15.50,10.3333,true,1,120473
7290017888095,false,שוופס מוגז עדין פירו,,,שוופס מוגז עדין פירו,מיליליטרים,1320.00,"100 מ""ל",false,,15.90,1.2045,true,1,100156
7290017888101,false,שוופס מוגז עדין אפרס,,,שוופס מוגז עדין אפרס,מיליליטרים,1320.00,"100 מ""ל",false,,15.90,1.2045,true,1,100157
7290017888354,false,מי עדן 750מל,קריות זול,,מי עדן 750מל,מיליליטרים,750.00,"100 מ""ל",false,,3.50,0.4667,true,1,134781
7290017888729,false,שוופס סודה בקבוק 1 ל,,,שוופס סודה בקבוק 1 ל,מיליליטרים,1000.00,"100 מ""ל",false,,3.90,0.3900,true,1,120343
7290017907208,false,קמח תמי רב תכליתי לל,,,קמח תמי רב תכליתי לל,גרמים,500.00,100 גרם,false,,19.90,3.9800,true,1,135923
7290017907222,false,קמח תמי תופח ללא גלו,,,קמח תמי תופח ללא גלו,גרמים,500.00,100 גרם,false,,19.90,3.9800,true,1,135925
7290017907246,false,תמי סולת ללא גלוטן 3,,,תמי סולת ללא גלוטן 3,גרמים,300.00,100 גרם,false,,16.90,5.6333,true,1,135926
7290017928463,false,סמאש- שבורים  בטעם ד,,,סמאש- שבורים  בטעם ד,גרמים,300.00,100 גרם,false,,13.90,4.6333,true,1,136955
7290017928661,false,סמאש- שבורים בטעם צ',,,סמאש- שבורים בטעם צ',גרמים,300.00,100 גרם,false,,13.90,4.6333,true,1,136956
7290017938264,false,חומוס עם חריף 200 גר,,,חומוס עם חריף 200 גר,גרמים,200.00,100 גרם,false,,9.90,4.9500,true,1,140525
7290017946399,false,סוד מרכך מרוכז ארומת,,,סוד מרכך מרוכז ארומת,מיליליטרים,900.00,"100 מ""ל",false,,14.90,1.6556,true,1,138060
7290017946979,false,פרסיל ג'ל כביסה נטרו,,,פרסיל ג'ל כביסה נטרו,ליטרים,2.40,ליטר,false,,34.90,14.5417,true,1,135023
7290017969084,false,מרקיות 25 יחידות,,,מרקיות 25 יחידות,יחידה,0.00,יחידה,false,,9.90,0.0000,true,1,113066
7290017969237,false,פלסטרים 25יח מודפסים,,,פלסטרים 25יח מודפסים,יחידה,0.00,יחידה,false,,5.90,0.0000,true,1,120848
7290017969916,false,צמר גפן רפואי 100 גר,,,צמר גפן רפואי 100 גר,גרמים,100.00,100 גרם,false,,4.90,4.9000,true,1,136499
7290017969978,false,כוס מרוקאית 40 יח,,,כוס מרוקאית 40 יח,יחידה,0.00,יחידה,false,,11.90,0.0000,true,1,136523
7290017973050,false,ריבות חמוציות מעובדו,,,ריבות חמוציות מעובדו,גרמים,900.00,100 גרם,false,,24.90,2.7667,true,1,100201
7290017973074,false,ריבת אפרסק מעובד 900,,,ריבת אפרסק מעובד 900,גרמים,900.00,100 גרם,false,,24.90,2.7667,true,1,100203
7290017973098,false,ריבת שזיף מעובד 900,,,ריבת שזיף מעובד 900,גרמים,900.00,100 גרם,false,,24.90,2.7667,true,1,100205
7290017973487,false,שפרוטים גדולים מעושנ,,,שפרוטים גדולים מעושנ,גרמים,200.00,100 גרם,false,,7.90,3.9500,true,1,135096
7290017978215,false,קרמבו ריאו מוקה 16 י,,,קרמבו ריאו מוקה 16 י,יחידה,0.00,יחידה,false,,22.90,0.0000,true,1,127060
7290018023044,false,זיתים עם לימון כבוש,,,זיתים עם לימון כבוש,גרמים,215.00,100 גרם,false,,10.00,4.6512,true,1,138034
7290018043844,false,חטיף חלבון בוטנים קר,,,חטיף חלבון בוטנים קר,גרמים,60.00,100 גרם,false,,12.90,21.5000,true,1,140131
7290018045497,false,דגני בוקר בון בון במ,,,דגני בוקר בון בון במ,גרמים,480.00,100 גרם,false,,23.90,4.9792,true,1,138842
7290018045695,false,דגני בוקר בון בון במ,,,דגני בוקר בון בון במ,גרמים,480.00,100 גרם,false,,23.90,4.9792,true,1,138844
7290018045893,false,דגני בוקר בון בון במ,,,דגני בוקר בון בון במ,גרמים,480.00,100 גרם,false,,23.90,4.9792,true,1,138841
7290018050064,false,ממרח שקדים 300גר,,,ממרח שקדים 300גר,גרמים,300.00,100 גרם,false,,34.90,11.6333,true,1,137808
7290018050408,false,אגוזי פיסטוק קלויים,,,אגוזי פיסטוק קלויים,גרמים,160.00,100 גרם,false,,15.00,9.3750,true,1,127800
7290018050453,false,קשיו טבעי קופסא 220,,,קשיו טבעי קופסא 220,גרמים,220.00,100 גרם,false,,15.00,6.8182,true,1,127805
7290018050460,false,קשיו קלוי קופסא 200,,,קשיו קלוי קופסא 200,גרמים,200.00,100 גרם,false,,15.00,7.5000,true,1,127806
7290018050484,false,אגוז מלך קלופים טבעי,,,אגוז מלך קלופים טבעי,גרמים,150.00,100 גרם,false,,10.00,6.6667,true,1,127782
7290018050491,false,אלמונדוס קופסא 220 ג,,,אלמונדוס קופסא 220 ג,גרמים,220.00,100 גרם,false,,10.00,4.5455,true,1,127783
7290018050514,false,בוטן מטוגן קופסא 240,,,בוטן מטוגן קופסא 240,גרמים,240.00,100 גרם,false,,10.00,4.1667,true,1,127785
7290018050521,false,אגוזי לוז טבעי קופסא,,,אגוזי לוז טבעי קופסא,גרמים,180.00,100 גרם,false,,10.00,5.5556,true,1,127786
7290018050545,false,גרעיני אבטיח קלויים,,,גרעיני אבטיח קלויים,גרמים,140.00,100 גרם,false,,10.00,7.1429,true,1,127787
7290018050552,false,גרעיני דלעת קלופים ט,,,גרעיני דלעת קלופים ט,גרמים,240.00,100 גרם,false,,10.00,4.1667,true,1,127808
7290018050637,false,בוטנים אמריקאים מצופ,,,בוטנים אמריקאים מצופ,גרמים,300.00,100 גרם,false,,10.00,3.3333,true,1,127813
7290018050644,false,קבוקים-בוטנים מצופים,,,קבוקים-בוטנים מצופים,גרמים,300.00,100 גרם,false,,10.00,3.3333,true,1,127814
7290018050675,false,שקד קלוי קופסא 210 ג,,,שקד קלוי קופסא 210 ג,גרמים,210.00,100 גרם,false,,15.00,7.1429,true,1,127815
7290018050699,false,שקדים טבעיים קלופים,,,שקדים טבעיים קלופים,גרמים,230.00,100 גרם,false,,15.00,6.5217,true,1,127817
7290018050750,false,מיקס אגוזים חמצוציות,,,מיקס אגוזים חמצוציות,גרמים,130.00,100 גרם,false,,10.00,7.6923,true,1,127795
7290018050767,false,מיקס מאקס-חטיפי אורז,,,מיקס מאקס-חטיפי אורז,גרמים,300.00,100 גרם,false,,10.00,3.3333,true,1,127820
7290018050774,false,מיאסי (בוטנים מצופים,,,מיאסי (בוטנים מצופים,גרמים,270.00,100 גרם,false,,10.00,3.7037,true,1,127821
7290018050781,false,אפונה מטוגנת קופסא 3,,,אפונה מטוגנת קופסא 3,גרמים,320.00,100 גרם,false,,10.00,3.1250,true,1,127822
7290018050811,false,חטיף תירס ברביקיו קו,,,חטיף תירס ברביקיו קו,גרמים,220.00,100 גרם,false,,10.00,4.5455,true,1,127823
7290018050835,false,בוטנים קלויים ומומלח,,,בוטנים קלויים ומומלח,גרמים,250.00,100 גרם,false,,10.00,4.0000,true,1,127825
7290018050866,false,בוטנים בכרמל קופסא 2,,,בוטנים בכרמל קופסא 2,גרמים,200.00,100 גרם,false,,10.00,5.0000,true,1,127796
7290018091272,false,בצק עוגיות קקאו טריפ,,,בצק עוגיות קקאו טריפ,גרמים,300.00,100 גרם,false,,18.90,6.3000,true,1,139833
7290018091616,false,מקלות פילו גבינה 450,,,מקלות פילו גבינה 450,גרמים,450.00,100 גרם,false,,16.90,3.7556,true,1,126923
7290018091821,false,פיצה נפוליטנה מעדנות,,,פיצה נפוליטנה מעדנות,גרמים,200.00,100 גרם,false,,14.90,7.4500,true,1,128244
7290018091876,false,מאפה פילו גבינה מעדנ,,,מאפה פילו גבינה מעדנ,גרמים,320.00,100 גרם,false,,19.90,6.2187,true,1,139713
7290018115022,false,אבוקדו מוכן לאכילה,,,אבוקדו מוכן לאכילה,יחידה,0.00,יחידה,false,,11.90,0.0000,true,1,134767
7290018115039,false,אבוקדו מוכן לאכילה,,,אבוקדו מוכן לאכילה,יחידה,0.00,יחידה,false,,11.90,0.0000,true,1,128460
7290018131534,false,*מבצע* מאגדת בייטס מ,,,*מבצע* מאגדת בייטס מ,גרמים,250.00,100 גרם,false,,10.00,4.0000,true,1,136607
7290018131831,false,מאגדת מילקה וניל שלג,,,מאגדת מילקה וניל שלג,גרמים,284.00,100 גרם,false,,35.90,12.6408,true,1,136602
7290018192658,false,פטריות צמד חמד איטלק,קריות זול,,פטריות צמד חמד איטלק,יחידה,0.00,יחידה,false,,16.90,0.0000,true,1,128245
7290018194171,false,"אורז בסמטי 5 ק""ג",,,"אורז בסמטי 5 ק""ג",גרמים,5000.00,100 גרם,false,,29.90,0.5980,true,1,136061
7290018194553,false,סאפי משקה ערק אשכולי,,,סאפי משקה ערק אשכולי,מיליליטרים,700.00,"100 מ""ל",false,,39.90,5.7000,true,1,136226
7290018198056,false,תפוגן קוביות תפוחי א,,,תפוגן קוביות תפוחי א,גרמים,1500.00,100 גרם,false,,26.90,1.7933,true,1,120177
7290018198148,false,תפוגן קריספי צ'יפס ק,,,תפוגן קריספי צ'יפס ק,גרמים,1250.00,100 גרם,false,,25.90,2.0720,true,1,136017
7290018198254,false,תפוגן קריספי צ'יפס פ,,,תפוגן קריספי צ'יפס פ,גרמים,1250.00,100 גרם,false,,25.90,2.0720,true,1,136018
7290018213247,false,מטליות לחות לרצפה 10,,,מטליות לחות לרצפה 10,יחידה,0.00,יחידה,false,,9.90,0.0000,true,1,120443
7290018213995,false,*מבצע* 3 מטליות מיקר,,,*מבצע* 3 מטליות מיקר,יחידה,0.00,יחידה,false,,10.90,0.0000,true,1,140291
7290018237281,false,נקניק סלמי ירדן עוף,,,נקניק סלמי ירדן עוף,גרמים,550.00,100 גרם,false,,24.90,4.5273,true,1,139446
7290018237939,false,שניצלונים בציפוי שומ,,,שניצלונים בציפוי שומ,גרמים,700.00,100 גרם,false,,19.90,2.8429,true,1,139526
7290018307250,false,תבנית רוסטר אובלית 5,,,תבנית רוסטר אובלית 5,יחידה,0.00,יחידה,false,,10.90,0.0000,true,1,129132
7290018359495,false,תירס מהשדה בלי תוספת,קריות זול,,תירס מהשדה בלי תוספת,גרמים,550.00,100 גרם,false,,10.90,1.9818,true,1,128818
7290018359518,false,תירס מהשדה בלי תוספת,,,תירס מהשדה בלי תוספת,גרמים,600.00,100 גרם,false,,15.90,2.6500,true,1,128819
7290018359570,false,שעועית צ'ילי הקטניה,,,שעועית צ'ילי הקטניה,גרמים,200.00,100 גרם,false,,12.90,6.4500,true,1,135033
7290018359587,false,חומוס הקטניה הטובה י,,,חומוס הקטניה הטובה י,גרמים,200.00,100 גרם,false,,12.90,6.4500,true,1,135031
7290018380505,false,"אורז פרסי ארוך 1 ק""ג",,,"אורז פרסי ארוך 1 ק""ג",גרמים,1000.00,100 גרם,false,,9.90,0.9900,true,1,136730
7290018380543,false,"סקוויז תפו""ע תומר 10",,,"סקוויז תפו""ע תומר 10",גרמים,100.00,100 גרם,false,,6.90,6.9000,true,1,141151
7290018380925,false,פרוזן שעועית ירוקה ע,,,פרוזן שעועית ירוקה ע,גרמים,800.00,100 גרם,false,,12.90,1.6125,true,1,141161
7290018380949,false,פרוזן אפונה עדינה 80,,,פרוזן אפונה עדינה 80,גרמים,800.00,100 גרם,false,,12.90,1.6125,true,1,141163
7290018380956,false,פרוזן גזר גמדי 800 ג,,,פרוזן גזר גמדי 800 ג,גרמים,800.00,100 גרם,false,,12.90,1.6125,true,1,141166
7290018400609,false,פיאסטה  מקסיקנית סנפ,,,פיאסטה  מקסיקנית סנפ,גרמים,800.00,100 גרם,false,,23.90,2.9875,true,1,128542
7290018400807,false,טברנה יוונית סנפרוסט,,,טברנה יוונית סנפרוסט,גרמים,800.00,100 גרם,false,,23.90,2.9875,true,1,128543
7290018440193,false,בייגלה בציפוי קרם חמ,,,בייגלה בציפוי קרם חמ,גרמים,140.00,100 גרם,false,,9.90,7.0714,true,1,134801
7290018440209,false,בייגלה בציפוי פאד'ג,,,בייגלה בציפוי פאד'ג,גרמים,140.00,100 גרם,false,,9.90,7.0714,true,1,134802
7290018440223,false,תה צאי מסאלה 25שק,קריות זול,,תה צאי מסאלה 25שק,יחידה,0.00,יחידה,false,,21.90,0.0000,true,1,138792
7290018440896,false,חליטת ג'ינג'ר וכורכו,,,חליטת ג'ינג'ר וכורכו,גרמים,37.50,100 גרם,false,,19.90,53.0667,true,1,138461
7290018468319,false,נקניקיה צמחונית בסגנ,,,נקניקיה צמחונית בסגנ,גרמים,400.00,100 גרם,false,,37.90,9.4750,true,1,140970
7290018471029,false,שוופס סודה לימון מאר,,,שוופס סודה לימון מאר,מיליליטרים,3000.00,"100 מ""ל",false,,15.90,0.5300,true,1,128458
7290018471319,false,שוופס ביטר למון 4*25,,,שוופס ביטר למון 4*25,מיליליטרים,1000.00,"100 מ""ל",false,,22.90,2.2900,true,1,135019
7290018471395,false,פרוט & ווג' תפוח רימ,,,פרוט & ווג' תפוח רימ,מיליליטרים,1000.00,"100 מ""ל",false,,13.90,1.3900,true,1,135495
7290018471449,false,ספרינג שייק בננה תמר,,,ספרינג שייק בננה תמר,מיליליטרים,1000.00,"100 מ""ל",false,,13.60,1.3600,true,1,137001
7290018471456,false,ספרינג שייק אננס מנג,,,ספרינג שייק אננס מנג,מיליליטרים,1000.00,"100 מ""ל",false,,13.60,1.3600,true,1,137002
7290018471463,false,תפוזינה נקטר תפוז מנ,,,תפוזינה נקטר תפוז מנ,מיליליטרים,1000.00,"100 מ""ל",false,,7.90,0.7900,true,1,136367
7290018471470,false,תפוזינה נקטר תפוז פס,קריות זול,,תפוזינה נקטר תפוז פס,מיליליטרים,1000.00,"100 מ""ל",false,,7.90,0.7900,true,1,136368
7290018471487,false,תפוזינה נקטר תפוז אנ,קריות זול,,תפוזינה נקטר תפוז אנ,מיליליטרים,1000.00,"100 מ""ל",false,,7.90,0.7900,true,1,136365
7290018471494,false,תפוזינה משקה תפוז גז,קריות זול,,תפוזינה משקה תפוז גז,מיליליטרים,1000.00,"100 מ""ל",false,,7.90,0.7900,true,1,136369
7290018471616,false,שוופס אינדיאן טוניק,,,שוופס אינדיאן טוניק,מיליליטרים,1000.00,"100 מ""ל",false,,9.90,0.9900,true,1,136738
7290018471692,false,ספרינג שייק בננה אננ,,,ספרינג שייק בננה אננ,מיליליטרים,1000.00,"100 מ""ל",false,,13.60,1.3600,true,1,137003
7290018471920,false,שוופס מוגז ענבים 1.5,,,שוופס מוגז ענבים 1.5,מיליליטרים,1500.00,"100 מ""ל",false,,9.90,0.6600,true,1,138334
7290018471937,false,שוופס מוגז פירות תות,,,שוופס מוגז פירות תות,מיליליטרים,1500.00,"100 מ""ל",false,,9.90,0.6600,true,1,138335
7290018471951,false,שוופס מוגז אשכולית א,,,שוופס מוגז אשכולית א,מיליליטרים,1500.00,"100 מ""ל",false,,9.90,0.6600,true,1,138333
7290018564592,false,שום כתוש בצנצנת שף ה,,,שום כתוש בצנצנת שף ה,גרמים,200.00,100 גרם,false,,15.90,7.9500,true,1,139566
7290018564622,false,שום כתוש טבליות שף ה,,,שום כתוש טבליות שף ה,גרמים,80.00,100 גרם,false,,10.90,13.6250,true,1,137844
7290018564677,false,ממרח ארטישוק שף הטבע,,,ממרח ארטישוק שף הטבע,גרמים,200.00,100 גרם,false,,14.90,7.4500,true,1,138799
7290018564684,false,ממרח פסטו בזיליקום ו,,,ממרח פסטו בזיליקום ו,גרמים,200.00,100 גרם,false,,14.90,7.4500,true,1,138801
7290018564721,false,ממרח אריסה שף הטבע,,,ממרח אריסה שף הטבע,גרמים,200.00,100 גרם,false,,14.90,7.4500,true,1,138803
7290018652688,false,לה קרמריה פירות טרופ,,,לה קרמריה פירות טרופ,מיליליטרים,1.40,"100 מ""ל",false,,22.90,1635.7143,true,1,139056
7290018652909,false,מאגדת גלידה קפה שוקו,,,מאגדת גלידה קפה שוקו,גרמים,215.00,100 גרם,false,,29.90,13.9070,true,1,139058
7290018652923,false,נסטלה מאגדת תות שוקו,,,נסטלה מאגדת תות שוקו,גרמים,215.00,100 גרם,false,,29.90,13.9070,true,1,139060
7290018703496,false,חטיף חלבון בננה טופי,,,חטיף חלבון בננה טופי,גרמים,60.00,100 גרם,false,,12.90,21.5000,true,1,140134
7290018724897,false,פירורי לחם נטורלה לל,,,פירורי לחם נטורלה לל,גרמים,300.00,100 גרם,false,,12.90,4.3000,true,1,135979
7290018770351,false,טחינה משומשום אתיופי,,,טחינה משומשום אתיופי,גרמים,500.00,100 גרם,false,,14.90,2.9800,true,1,140500
7290018792841,false,אבקת קקאו טבעי 150 ג,,,אבקת קקאו טבעי 150 ג,גרמים,150.00,100 גרם,false,,10.90,7.2667,true,1,141201
7290018860717,false,אטריות אורז 454 גרם,,,אטריות אורז 454 גרם,גרמים,454.00,100 גרם,false,,10.90,2.4009,true,1,138697
7290018860724,false,אטריות אורז  454 גרם,,,אטריות אורז  454 גרם,גרמים,454.00,100 גרם,false,,10.90,2.4009,true,1,138698
7290018893005,false,בייגלה שטוח חרדל ודב,,,בייגלה שטוח חרדל ודב,גרמים,160.00,100 גרם,false,,7.90,4.9375,true,1,138626
7290018893111,false,שוקולד מריר  בלגי 70,,,שוקולד מריר  בלגי 70,גרמים,100.00,100 גרם,false,,9.90,9.9000,true,1,138641
7290018893128,false,שוקולד חלב בלגי 34%,,,שוקולד חלב בלגי 34%,גרמים,100.00,100 גרם,false,,9.90,9.9000,true,1,138642
7290018893135,false,צ'וקטה גריסיני מלח 1,,,צ'וקטה גריסיני מלח 1,גרמים,120.00,100 גרם,false,,7.90,6.5833,true,1,140888
7290018893142,false,צ'וקטה גריסיני שמן ז,,,צ'וקטה גריסיני שמן ז,גרמים,120.00,100 גרם,false,,7.90,6.5833,true,1,140889
7290018893265,false,עוגות אישיות 5 שכבות,,,עוגות אישיות 5 שכבות,גרמים,240.00,100 גרם,false,,10.90,4.5417,true,1,138633
7290018893296,false,צ'וקטה עוגיות מיני ח,,,צ'וקטה עוגיות מיני ח,גרמים,100.00,100 גרם,false,,10.90,10.9000,true,1,140877
7290018893319,false,שוקולד מריר  בלגי 85,,,שוקולד מריר  בלגי 85,גרמים,100.00,100 גרם,false,,9.90,9.9000,true,1,138643
7290018893340,false,צ'וקטה גריסיני שומשו,,,צ'וקטה גריסיני שומשו,גרמים,120.00,100 גרם,false,,7.90,6.5833,true,1,140890
7290018893449,false,סטרופוופל במילוי קרמ,,,סטרופוופל במילוי קרמ,גרמים,175.00,100 גרם,false,,10.90,6.2286,true,1,138623
7290018893647,false,עוגיות סנדביץ מצופות,,,עוגיות סנדביץ מצופות,גרמים,150.00,100 גרם,false,,9.90,6.6000,true,1,138653
7290018893654,false,בייגלה בתוספת מלח צו,,,בייגלה בתוספת מלח צו,גרמים,200.00,100 גרם,false,,7.90,3.9500,true,1,138624
7290018893661,false,עוגות אישיות מצופה מ,,,עוגות אישיות מצופה מ,גרמים,240.00,100 גרם,false,,10.90,4.5417,true,1,138630
7290018893753,false,צ'וקטה וופל בלגי ט.ל,,,צ'וקטה וופל בלגי ט.ל,גרמים,100.00,100 גרם,false,,10.90,10.9000,true,1,140887
7290018893876,false,עוגות אישיות וניל ונ,,,עוגות אישיות וניל ונ,גרמים,200.00,100 גרם,false,,10.90,5.4500,true,1,138629
7290018893913,false,צ'וקטה חטיף מקלות גר,,,צ'וקטה חטיף מקלות גר,גרמים,52.00,100 גרם,false,,4.90,9.4231,true,1,140878
7290018894002,false,בלקוני וופל קוביות ק,,,בלקוני וופל קוביות ק,גרמים,250.00,100 גרם,false,,13.90,5.5600,true,1,140881
7290018894200,false,בלקוני וופל קוביות ו,,,בלקוני וופל קוביות ו,גרמים,250.00,100 גרם,false,,13.90,5.5600,true,1,140879
7290018894248,false,צוקטה שוקול חלב שליש,,,צוקטה שוקול חלב שליש,גרמים,100.00,100 גרם,false,,12.90,12.9000,true,1,140891
7290018894408,false,בלקוני וופל קוביות א,,,בלקוני וופל קוביות א,גרמים,250.00,100 גרם,false,,13.90,5.5600,true,1,140880
7290018925065,false,פרימור מיץ תפוזים סח,,,פרימור מיץ תפוזים סח,מיליליטרים,2000.00,"100 מ""ל",false,,29.90,1.4950,true,1,138462
7290018925096,false,משקה קל תפוזים ‏5‏.‏,,,משקה קל תפוזים ‏5‏.‏,מיליליטרים,1500.00,"100 מ""ל",false,,8.90,0.5933,true,1,138291
7290018925102,false,משקה קל ענבים ‏5‏.‏1,,,משקה קל ענבים ‏5‏.‏1,מיליליטרים,1500.00,"100 מ""ל",false,,8.90,0.5933,true,1,138292
7290018925119,false,משקה קל דיאט אשכוליו,,,משקה קל דיאט אשכוליו,מיליליטרים,1500.00,"100 מ""ל",false,,8.90,0.5933,true,1,138293
7290018925126,false,משקה קל תפוחי עץ ‏5‏,,,משקה קל תפוחי עץ ‏5‏,מיליליטרים,1500.00,"100 מ""ל",false,,8.90,0.5933,true,1,138294
7290018925133,false,משקה קל מנגו ‏5‏.‏1‏,,,משקה קל מנגו ‏5‏.‏1‏,מיליליטרים,1500.00,"100 מ""ל",false,,8.90,0.5933,true,1,138295
7290018925157,false,משקה קל לימונים 1.5,,,משקה קל לימונים 1.5,מיליליטרים,1500.00,"100 מ""ל",false,,8.90,0.5933,true,1,138297
7290018925164,false,משקה קל תות-בננה ‏5‏,,,משקה קל תות-בננה ‏5‏,מיליליטרים,1500.00,"100 מ""ל",false,,8.90,0.5933,true,1,138298
7290018929001,false,5 מטליות מיקרופייבר,,,5 מטליות מיקרופייבר,יחידה,0.00,יחידה,false,,8.90,0.0000,true,1,140292
7290018972274,false,פרוזן שעועית ירוקה ח,,,פרוזן שעועית ירוקה ח,גרמים,800.00,100 גרם,false,,12.90,1.6125,true,1,141165
7290018972632,false,פרוזן ארטישוק תחתיות,,,פרוזן ארטישוק תחתיות,גרמים,400.00,100 גרם,false,,12.90,3.2250,true,1,141159
7290018972649,false,פרוזן פול ירוק 600 ג,,,פרוזן פול ירוק 600 ג,גרמים,600.00,100 גרם,false,,12.90,2.1500,true,1,141160
7290018972786,false,נודלס טעם ירקות להכנ,,,נודלס טעם ירקות להכנ,גרמים,72.00,100 גרם,false,,6.90,9.5833,true,1,140187
7290018989081,false,חומוס הבית -להכנת חו,,,חומוס הבית -להכנת חו,גרמים,410.00,100 גרם,false,,9.90,2.4146,true,1,140029
7290019056027,false,שוופס מוגז פירות תפו,,,שוופס מוגז פירות תפו,מיליליטרים,1500.00,"100 מ""ל",false,,9.90,0.6600,true,1,138336
7290019056034,false,שוופס מוגז פירות אננ,,,שוופס מוגז פירות אננ,מיליליטרים,1500.00,"100 מ""ל",false,,9.90,0.6600,true,1,138337
7290019056058,false,שוופס מוגז עדין תפוח,,,שוופס מוגז עדין תפוח,מיליליטרים,1500.00,"100 מ""ל",false,,9.90,0.6600,true,1,138325
7290019056065,false,שוופס מוגז עדין פירו,,,שוופס מוגז עדין פירו,מיליליטרים,1500.00,"100 מ""ל",false,,9.90,0.6600,true,1,138326
7290019056072,false,שוופס מוגז עדין אננס,,,שוופס מוגז עדין אננס,מיליליטרים,1500.00,"100 מ""ל",false,,9.90,0.6600,true,1,138328
7290019056089,false,שוופס מוגז עדין טעם,,,שוופס מוגז עדין טעם,מיליליטרים,1500.00,"100 מ""ל",false,,9.90,0.6600,true,1,138329
7290019056096,false,שוופס מוגז עדין אפרס,,,שוופס מוגז עדין אפרס,מיליליטרים,1500.00,"100 מ""ל",false,,9.90,0.6600,true,1,138327
7290019056119,false,שוופס סודה 1.5ליטר,,,שוופס סודה 1.5ליטר,מיליליטרים,1500.00,"100 מ""ל",false,,4.20,0.2800,true,1,138314
7290019056164,false,שוופס סודה מארז 4*1.,קריות זול,,שוופס סודה מארז 4*1.,מיליליטרים,6000.00,"100 מ""ל",false,,12.90,0.2150,true,1,138370
7290019056171,false,שוופס סודה לימון מאר,קריות זול,,שוופס סודה לימון מאר,מיליליטרים,6000.00,"100 מ""ל",false,,12.90,0.2150,true,1,138375
7290019056188,false,שוופס סודה נענע ליים,קריות זול,,שוופס סודה נענע ליים,מיליליטרים,6000.00,"100 מ""ל",false,,12.90,0.2150,true,1,138376
7290019056195,false,שוופס סודה למון גראס,קריות זול,,שוופס סודה למון גראס,מיליליטרים,6000.00,"100 מ""ל",false,,12.90,0.2150,true,1,138377
7290019056201,false,שוופס סודה פירות יער,קריות זול,,שוופס סודה פירות יער,מיליליטרים,6000.00,"100 מ""ל",false,,12.90,0.2150,true,1,138378
7290019056232,false,שוופס ליים מוחיטו 1.,,,שוופס ליים מוחיטו 1.,מיליליטרים,1500.00,"100 מ""ל",false,,9.90,0.6600,true,1,138341
7290019056263,false,שוופס וואטר אפרסק 1.,,,שוופס וואטר אפרסק 1.,מיליליטרים,1500.00,"100 מ""ל",false,,9.90,0.6600,true,1,138362
7290019056270,false,שוופס וואטר פירות יע,,,שוופס וואטר פירות יע,מיליליטרים,1500.00,"100 מ""ל",false,,9.90,0.6600,true,1,138363
7290019056294,false,שוופס ג'ינג'ר אייל 1,קריות זול,,שוופס ג'ינג'ר אייל 1,מיליליטרים,1500.00,"100 מ""ל",false,,13.90,0.9267,true,1,138371
7290019056300,false,שוופס ביטר לימון 1.5,קריות זול,,שוופס ביטר לימון 1.5,מיליליטרים,1500.00,"100 מ""ל",false,,13.90,0.9267,true,1,138372
7290019056317,false,שוופס רסצ'יין 1.5ליט,קריות זול,,שוופס רסצ'יין 1.5ליט,מיליליטרים,1500.00,"100 מ""ל",false,,13.90,0.9267,true,1,138373
7290019056324,false,שוופס מי טוניק 1.5לי,קריות זול,,שוופס מי טוניק 1.5לי,מיליליטרים,1500.00,"100 מ""ל",false,,13.90,0.9267,true,1,138369
7290019056331,false,שוופס מי טוניק ללא ס,קריות זול,,שוופס מי טוניק ללא ס,מיליליטרים,1500.00,"100 מ""ל",false,,13.90,0.9267,true,1,138374
7290019056362,false,תפוזינה ענבים 1.5ליט,קריות זול,,תפוזינה ענבים 1.5ליט,מיליליטרים,1500.00,"100 מ""ל",false,,9.90,0.6600,true,1,138315
7290019056379,false,תפוזינה תפוזים 1.5לי,קריות זול,,תפוזינה תפוזים 1.5לי,מיליליטרים,1500.00,"100 מ""ל",false,,9.90,0.6600,true,1,138316
7290019056393,false,תפוזינה תות בננה 1.5,קריות זול,,תפוזינה תות בננה 1.5,מיליליטרים,1500.00,"100 מ""ל",false,,9.90,0.6600,true,1,138318
7290019056409,false,תפוזינה מנגו עסיסי 1,קריות זול,,תפוזינה מנגו עסיסי 1,מיליליטרים,1500.00,"100 מ""ל",false,,9.90,0.6600,true,1,138319
7290019056423,false,תפוזינה תפוח רענן 1.,קריות זול,,תפוזינה תפוח רענן 1.,מיליליטרים,1500.00,"100 מ""ל",false,,9.90,0.6600,true,1,138321
7290019056447,false,תפוזינה דיאט אשכוליו,קריות זול,,תפוזינה דיאט אשכוליו,מיליליטרים,1500.00,"100 מ""ל",false,,9.90,0.6600,true,1,138323
7290019056508,false,משקה וואטר פרוט ענבי,,,משקה וואטר פרוט ענבי,מיליליטרים,1500.00,"100 מ""ל",false,,9.90,0.6600,true,1,138342
7290019056515,false,משקה וואטר פרוט אננס,,,משקה וואטר פרוט אננס,מיליליטרים,1500.00,"100 מ""ל",false,,9.90,0.6600,true,1,138343
7290019056546,false,משקה וואטר פרוט אבטי,,,משקה וואטר פרוט אבטי,מיליליטרים,1500.00,"100 מ""ל",false,,9.90,0.6600,true,1,138346
7290019056553,false,עין גדי מים מינרלים,קריות זול,,עין גדי מים מינרלים,מיליליטרים,12000.00,"100 מ""ל",false,,13.80,0.1150,true,1,138301
7290019056560,false,עין גדי 2ליטר,,,עין גדי 2ליטר,מיליליטרים,2000.00,"100 מ""ל",false,,3.30,0.1650,true,1,138302
7290019056591,false,ספרינג ענבים 1.5ליטר,,,ספרינג ענבים 1.5ליטר,מיליליטרים,1500.00,"100 מ""ל",false,,9.90,0.6600,true,1,138309
7290019056607,false,ספרינג תפוחים 1.5ליט,קריות זול,,ספרינג תפוחים 1.5ליט,מיליליטרים,1500.00,"100 מ""ל",false,,9.90,0.6600,true,1,138305
7290019056638,false,ספרינג תות בננה 1.5ל,קריות זול,,ספרינג תות בננה 1.5ל,מיליליטרים,1500.00,"100 מ""ל",false,,9.90,0.6600,true,1,138311
7290019056645,false,ספרינג אגס סברס תפוח,קריות זול,,ספרינג אגס סברס תפוח,מיליליטרים,1500.00,"100 מ""ל",false,,9.90,0.6600,true,1,138312
7290019056676,false,ספרינג דיאט אשכוליות,קריות זול,,ספרינג דיאט אשכוליות,מיליליטרים,1500.00,"100 מ""ל",false,,9.90,0.6600,true,1,138308
7290019056720,false,קריסטל מיץ ענבים 2 ל,קריות זול,,קריסטל מיץ ענבים 2 ל,מיליליטרים,2000.00,"100 מ""ל",false,,8.90,0.4450,true,1,138349
7290019056737,false,קריסטל מיץ אשכוליות,קריות זול,,קריסטל מיץ אשכוליות,מיליליטרים,2000.00,"100 מ""ל",false,,8.90,0.4450,true,1,138350
7290019056744,false,קריסטל מיץ תפוזים 2,קריות זול,,קריסטל מיץ תפוזים 2,מיליליטרים,2000.00,"100 מ""ל",false,,8.90,0.4450,true,1,138351
7290019056751,false,קריסטל דיאט מיץ אשכו,קריות זול,,קריסטל דיאט מיץ אשכו,מיליליטרים,2000.00,"100 מ""ל",false,,8.90,0.4450,true,1,138358
7290019056768,false,קריסטל מיץ מנגו 2 לי,קריות זול,,קריסטל מיץ מנגו 2 לי,מיליליטרים,2000.00,"100 מ""ל",false,,8.90,0.4450,true,1,138352
7290019056782,false,קריסטל למון ליים 2 ל,קריות זול,,קריסטל למון ליים 2 ל,מיליליטרים,2000.00,"100 מ""ל",false,,8.90,0.4450,true,1,138354
7290019056805,false,קריסטל תפוח 2 ליטר,קריות זול,,קריסטל תפוח 2 ליטר,מיליליטרים,2000.00,"100 מ""ל",false,,8.90,0.4450,true,1,138355
7290019056812,false,קריסטל מנטה 2 ליטר,קריות זול,,קריסטל מנטה 2 ליטר,מיליליטרים,2000.00,"100 מ""ל",false,,8.90,0.4450,true,1,138356
7290019056836,false,קריסטל תות 2 ליטר,קריות זול,,קריסטל תות 2 ליטר,מיליליטרים,2000.00,"100 מ""ל",false,,8.90,0.4450,true,1,138357
7290019056850,false,ספרינג טי דיאט אפרסק,קריות זול,,ספרינג טי דיאט אפרסק,מיליליטרים,1500.00,"100 מ""ל",false,,9.90,0.6600,true,1,138368
7290019153085,false,שוופס מוחיטו ללא סוכ,,,שוופס מוחיטו ללא סוכ,מיליליטרים,1500.00,"100 מ""ל",false,,9.90,0.6600,true,1,138874
7290019153252,false,שוופס סודה תפוח מארז,קריות זול,,שוופס סודה תפוח מארז,מיליליטרים,6000.00,"100 מ""ל",false,,12.90,0.2150,true,1,139753
7290019153344,false,תפוזינה סנגרייה 1.5,קריות זול,,תפוזינה סנגרייה 1.5,מיליליטרים,1500.00,"100 מ""ל",false,,9.90,0.6600,true,1,139954
7290019153351,false,תפוזינה פינק אוזו  1,קריות זול,,תפוזינה פינק אוזו  1,מיליליטרים,1500.00,"100 מ""ל",false,,9.90,0.6600,true,1,139955
7290019153375,false,תפוזינה מוחיטו 1.5 ל,קריות זול,,תפוזינה מוחיטו 1.5 ל,מיליליטרים,1500.00,"100 מ""ל",false,,9.90,0.6600,true,1,139956
7290019153566,false,ספרינג רימון אוכמניו,קריות זול,,ספרינג רימון אוכמניו,מיליליטרים,1500.00,"100 מ""ל",false,,9.90,0.6600,true,1,140606
7290019204008,false,עוף טוב פסטרמה ארבעה,קריות זול,,עוף טוב פסטרמה ארבעה,גרמים,350.00,100 גרם,false,,25.90,7.4000,true,1,140635
7290019204107,false,עוף טוב פסטרמה בטעם,קריות זול,,עוף טוב פסטרמה בטעם,גרמים,320.00,100 גרם,false,,25.90,8.0937,true,1,140636
7290019232162,false,תה ירוק קמומיל מליסה,,,תה ירוק קמומיל מליסה,יח',25.00,יח',false,,27.90,1.1160,true,1,141246
7290019232827,false,הולגריין ביסקוויט במ,,,הולגריין ביסקוויט במ,גרמים,300.00,100 גרם,false,,11.90,3.9667,true,1,141180
7290019232834,false,בייגלה מצופה עוגיות,,,בייגלה מצופה עוגיות,גרמים,140.00,100 גרם,false,,9.90,7.0714,true,1,139957
7290019233015,false,זיתא רוטב לשקשוקה יר,,,זיתא רוטב לשקשוקה יר,גרמים,420.00,100 גרם,false,,14.90,3.5476,true,1,141184
7290019233039,false,זיתא  רוטב לשקשוקה ק,,,זיתא  רוטב לשקשוקה ק,גרמים,420.00,100 גרם,false,,14.90,3.5476,true,1,141185
7290019297161,false,טורטיות ראפ מקמח תיר,,,טורטיות ראפ מקמח תיר,גרמים,450.00,100 גרם,false,,10.00,2.2222,true,1,100693
7290019297239,false,צימוק חום 330גר קופס,,,צימוק חום 330גר קופס,גרמים,330.00,100 גרם,false,,16.90,5.1212,true,1,70976
7290019297246,false,שזיפים בקופסא 330גר,,,שזיפים בקופסא 330גר,גרמים,330.00,100 גרם,false,,22.90,6.9394,true,1,70977
7290019297413,false,מעדן אפרסק שקדיה 100,,,מעדן אפרסק שקדיה 100,גרמים,284.00,100 גרם,false,,12.90,4.5423,true,1,73270
7290019297437,false,מעדן אוכמניות שקדיה,,,מעדן אוכמניות שקדיה,גרמים,284.00,100 גרם,false,,12.90,4.5423,true,1,73272
7290019297543,false,חמאת בוטנים 510גרם,,,חמאת בוטנים 510גרם,גרמים,510.00,100 גרם,false,,10.90,2.1373,true,1,91721
7290019297581,false,סוכריות גומי 300 גרם,,,סוכריות גומי 300 גרם,גרמים,300.00,100 גרם,false,,10.00,3.3333,true,1,98687
7290055090702,false,"שלוקים איגלו  29מ""ל",,,"שלוקים איגלו  29מ""ל",מיליליטרים,1740.00,"100 מ""ל",false,,14.90,0.8563,true,1,67422
7290100240137,false,בדין תרסיס כחול למיי,,,בדין תרסיס כחול למיי,מיליליטרים,500.00,"100 מ""ל",false,,19.90,3.9800,true,1,39601
7290100240632,false,פתית 6 דגנים 250 גרם,,,פתית 6 דגנים 250 גרם,גרמים,250.00,100 גרם,false,,18.90,7.5600,true,1,45865
7290100240656,false,פתית שיפון 300גר,,,פתית שיפון 300גר,גרמים,300.00,100 גרם,false,,18.90,6.3000,true,1,44047
7290100243671,false,בדין אקסטרא כחול 960,,,בדין אקסטרא כחול 960,מיליליטרים,960.00,"100 מ""ל",false,,18.90,1.9687,true,1,46140
7290100245231,false,נמס בכוס קנור ועוד ט,,,נמס בכוס קנור ועוד ט,גרמים,50.00,100 גרם,false,,7.50,15.0000,true,1,48456
7290100249598,false,רוטב לעוף שום ודבש ק,,,רוטב לעוף שום ודבש ק,גרמים,320.00,100 גרם,false,,14.90,4.6563,true,1,52202
7290100249659,false,רוטב לעוף צילי שום ק,,,רוטב לעוף צילי שום ק,גרמים,320.00,100 גרם,false,,14.90,4.6563,true,1,52207
7290100411254,false,בלאבד מחית תפוח ובננ,,,בלאבד מחית תפוח ובננ,גרמים,190.00,100 גרם,false,,5.90,3.1053,true,1,74605
7290100412343,false,קוויק מגבונים לניקוי,,,קוויק מגבונים לניקוי,יחידה,0.00,יחידה,false,,8.90,0.0000,true,1,77195
7290100412435,false,קוויק מגבונים לניקוי,,,קוויק מגבונים לניקוי,יחידה,0.00,יחידה,false,,8.90,0.0000,true,1,77196
7290100412442,false,קוויק מגבונים לניקוי,,,קוויק מגבונים לניקוי,יחידה,0.00,יחידה,false,,8.90,0.0000,true,1,77197
7290100412459,false,קוויק מגבונים לניקוי,,,קוויק מגבונים לניקוי,יחידה,0.00,יחידה,false,,8.90,0.0000,true,1,77198
7290100412787,false,"תחליב רחצה ד""ר עור ק",,,"תחליב רחצה ד""ר עור ק",מיליליטרים,700.00,"100 מ""ל",false,,16.90,2.4143,true,1,98257
7290100412800,false,"תחליב רחצה ד""ר עור ל",,,"תחליב רחצה ד""ר עור ל",מיליליטרים,700.00,"100 מ""ל",false,,16.90,2.4143,true,1,98258
7290100412831,false,"תחליב רחצה ד""ר עור א",,,"תחליב רחצה ד""ר עור א",מיליליטרים,700.00,"100 מ""ל",false,,16.90,2.4143,true,1,98259
7290100413593,false,קוויק מטליות XL בניח,,,קוויק מטליות XL בניח,יחידה,0.00,יחידה,false,,8.90,0.0000,true,1,91457
7290100413609,false,קוויק מטליות לחות לנ,,,קוויק מטליות לחות לנ,יחידה,0.00,יחידה,false,,8.90,0.0000,true,1,91458
7290100680650,false,מנה חמה אסם נודלס-אט,,,מנה חמה אסם נודלס-אט,גרמים,76.00,100 גרם,false,,6.90,9.0789,true,1,37913
7290100680711,false,פירורית זהב שקית אסם,,,פירורית זהב שקית אסם,גרמים,350.00,100 גרם,false,,9.90,2.8286,true,1,24324
7290100680728,false,פירורית אסם שקית 350,,,פירורית אסם שקית 350,גרמים,350.00,100 גרם,false,,7.90,2.2571,true,1,24325
7290100681015,false,פודינג ריבת חלב אסם,,,פודינג ריבת חלב אסם,גרמים,84.00,100 גרם,false,,6.30,7.5000,true,1,37930
7290100681138,false,אפרופו מארז אסם 3*50,קריות זול,,אפרופו מארז אסם 3*50,גרמים,150.00,100 גרם,false,,13.90,9.2667,true,1,24328
7290100684139,false,פסטה מיני מקרוני אסם,,,פסטה מיני מקרוני אסם,גרמים,500.00,100 גרם,false,,6.90,1.3800,true,1,24398
7290100685068,false,פודינג וניל עם פצפוצ,,,פודינג וניל עם פצפוצ,גרמים,110.00,100 גרם,false,,7.90,7.1818,true,1,24420
7290100685136,false,*מבצע* מרק טעם עוף 1,,,*מבצע* מרק טעם עוף 1,גרמים,1000.00,100 גרם,false,,12.00,1.2000,true,1,24422
7290100685334,false,*מבצע* מרק עוף רכיבי,קריות זול,,*מבצע* מרק עוף רכיבי,גרמים,400.00,100 גרם,false,,22.90,5.7250,true,1,24433
7290100685341,false,*מבצע* מרק טעם עוף ז,,,*מבצע* מרק טעם עוף ז,גרמים,400.00,100 גרם,false,,16.90,4.2250,true,1,24434
7290100685600,false,פירורית זהב חיטה מלא,,,פירורית זהב חיטה מלא,גרמים,200.00,100 גרם,false,,7.90,3.9500,true,1,24452
7290100685938,false,עוגת דבש ותפוח עץ עם,,,עוגת דבש ותפוח עץ עם,גרמים,400.00,100 גרם,false,,18.50,4.6250,true,1,44494
7290100686171,false,ביסלי גריל מארז אסם,,,ביסלי גריל מארז אסם,גרמים,210.00,100 גרם,false,,14.90,7.0952,true,1,24476
7290100687109,false,במבה במילוי קרם נוגט,,,במבה במילוי קרם נוגט,גרמים,60.00,100 גרם,false,,4.90,8.1667,true,1,42846
7290100689301,false,מרק בטעם עוף זך אסם,,,מרק בטעם עוף זך אסם,גרמים,400.00,100 גרם,false,,16.90,4.2250,true,1,39917
7290100700006,false,חיטה סוגת 1קג,,,חיטה סוגת 1קג,גרמים,1000.00,100 גרם,false,,8.90,0.8900,true,1,53014
7290100700020,false,גריסי פנינה סוגת 500,,,גריסי פנינה סוגת 500,גרמים,500.00,100 גרם,false,,6.90,1.3800,true,1,37975
7290100700075,false,פירורי לחם מוזהבים ס,,,פירורי לחם מוזהבים ס,גרמים,200.00,100 גרם,false,,4.90,2.4500,true,1,52617
7290100700242,false,אורז מלא עגול סוגת 1,,,אורז מלא עגול סוגת 1,גרמים,1000.00,100 גרם,false,,10.90,1.0900,true,1,32199
7290100700273,false,קינואה סוגת 500 גר,,,קינואה סוגת 500 גר,גרמים,500.00,100 גרם,false,,15.90,3.1800,true,1,38564
7290100700297,false,עדשים שחורות סוגת 50,,,עדשים שחורות סוגת 50,גרמים,500.00,100 גרם,false,,9.90,1.9800,true,1,53175
7290100700372,false,אורז בסמטי מלא סוגת,,,אורז בסמטי מלא סוגת,גרמים,1000.00,100 גרם,false,,13.90,1.3900,true,1,39503
7290100700389,false,אורז אדום סוגת 1קג,קריות זול,,אורז אדום סוגת 1קג,גרמים,1000.00,100 גרם,false,,15.90,1.5900,true,1,53173
7290100700396,false,אורז יסמין קלאסי סוג,קריות זול,,אורז יסמין קלאסי סוג,גרמים,1000.00,100 גרם,false,,13.90,1.3900,true,1,52133
7290100700419,false,בורגול סוגת 1קג,,,בורגול סוגת 1קג,גרמים,1000.00,100 גרם,false,,7.90,0.7900,true,1,62385
7290100700563,false,אורז מיקס סוגת 1קג,קריות זול,,אורז מיקס סוגת 1קג,גרמים,1000.00,100 גרם,false,,15.90,1.5900,true,1,54512
7290100700587,false,בורגול סוגת 500 גר,,,בורגול סוגת 500 גר,גרמים,500.00,100 גרם,false,,6.90,1.3800,true,1,50651
7290100701126,false,שעועית מש סוגת 500גר,,,שעועית מש סוגת 500גר,גרמים,500.00,100 גרם,false,,10.90,2.1800,true,1,75145
7290100701157,false,אורז להכנת סושי סוגת,,,אורז להכנת סושי סוגת,גרמים,1000.00,100 גרם,false,,14.90,1.4900,true,1,56069
7290100701300,false,קינואה אדומה סוגת 50,,,קינואה אדומה סוגת 50,גרמים,500.00,100 גרם,false,,15.90,3.1800,true,1,68702
7290100701454,false,גרישה סוגת 500גר,,,גרישה סוגת 500גר,גרמים,500.00,100 גרם,false,,6.90,1.3800,true,1,51059
7290100701577,false,קמח לחם סוגת 1קג,,,קמח לחם סוגת 1קג,גרמים,1000.00,100 גרם,false,,7.90,0.7900,true,1,91780
7290100702260,false,קוסקוס דק סוגת 350 ג,,,קוסקוס דק סוגת 350 ג,גרמים,350.00,100 גרם,false,,6.90,1.9714,true,1,65424
7290100702277,false,קוסקוס עבה סוגת 350,,,קוסקוס עבה סוגת 350,גרמים,350.00,100 גרם,false,,6.90,1.9714,true,1,65425
7290100702284,false,קוסקוס מלא סוגת 350,,,קוסקוס מלא סוגת 350,גרמים,350.00,100 גרם,false,,6.90,1.9714,true,1,68850
7290100702611,false,פתיתים אפויים אורז ס,,,פתיתים אפויים אורז ס,גרמים,500.00,100 גרם,false,,6.90,1.3800,true,1,67990
7290100702628,false,פתיתים אפויים קוסקוס,,,פתיתים אפויים קוסקוס,גרמים,500.00,100 גרם,false,,6.90,1.3800,true,1,67991
7290100702635,false,פתיתים אפויים כוכבים,,,פתיתים אפויים כוכבים,גרמים,500.00,100 גרם,false,,6.90,1.3800,true,1,67992
7290100702741,false,סוכר חום קלאסי בקופס,,,סוכר חום קלאסי בקופס,גרמים,1000.00,100 גרם,false,,13.90,1.3900,true,1,92907
7290100703007,false,עדשים שחורות בלוגה ס,,,עדשים שחורות בלוגה ס,גרמים,500.00,100 גרם,false,,9.90,1.9800,true,1,89983
7290100703564,false,פתיתי שיבולת שועל עב,,,פתיתי שיבולת שועל עב,גרמים,500.00,100 גרם,false,,6.90,1.3800,true,1,89979
7290100703632,false,קמח חיטה מלא ללא צור,,,קמח חיטה מלא ללא צור,גרמים,1000.00,100 גרם,false,,9.90,0.9900,true,1,98788
7290100703670,false,קמח כוסמין מלא ללא צ,,,קמח כוסמין מלא ללא צ,גרמים,1000.00,100 גרם,false,,14.90,1.4900,true,1,98755
7290100703908,false,סוכר דמררה סוגת בשקי,,,סוכר דמררה סוגת בשקי,גרמים,1000.00,100 גרם,false,,8.90,0.8900,true,1,120793
7290100703915,false,פופקורן למיקרו מארז,,,פופקורן למיקרו מארז,גרמים,90.00,100 גרם,false,,10.90,12.1111,true,1,98074
7290100703922,false,פופקורן למיקרו מארז,,,פופקורן למיקרו מארז,גרמים,90.00,100 גרם,false,,10.90,12.1111,true,1,98075
7290100704660,false,קינואה מיקס סוגת 500,,,קינואה מיקס סוגת 500,גרמים,500.00,100 גרם,false,,15.90,3.1800,true,1,136088
7290100850909,false,דוריטוס נאצו מקסיקני,,,דוריטוס נאצו מקסיקני,גרמים,70.00,100 גרם,false,,3.90,5.5714,true,1,38008
7290100850916,false,דוריטוס חמוץ חריף 70,,,דוריטוס חמוץ חריף 70,גרמים,70.00,100 גרם,false,,3.90,5.5714,true,1,27090
7290100850923,false,דוריטוס גריל 70גר,,,דוריטוס גריל 70גר,גרמים,70.00,100 גרם,false,,3.90,5.5714,true,1,27091
7290100850930,false,דוריטוס דיפ טבעי 70ג,,,דוריטוס דיפ טבעי 70ג,גרמים,70.00,100 גרם,false,,3.90,5.5714,true,1,38009
7290100858592,false,קקאו עלית 150גר,,,קקאו עלית 150גר,גרמים,150.00,100 גרם,false,,10.90,7.2667,true,1,27574
7290100858608,false,קקאו עלית 500גר,,,קקאו עלית 500גר,גרמים,500.00,100 גרם,false,,28.90,5.7800,true,1,27575
7290100894200,false,מעדן תמרים 250גר,,,מעדן תמרים 250גר,גרמים,250.00,100 גרם,false,,21.90,8.7600,true,1,72644
7290100921401,false,הוואי שמפו קרטין מחז,,,הוואי שמפו קרטין מחז,מיליליטרים,700.00,"100 מ""ל",false,,13.90,1.9857,true,1,70338
7290100921418,false,הוואי מרכך קרטין מחז,,,הוואי מרכך קרטין מחז,מיליליטרים,700.00,"100 מ""ל",false,,13.90,1.9857,true,1,70339
7290100921593,false,סוד כדוריות לימון לא,,,סוד כדוריות לימון לא,גרמים,50.00,100 גרם,false,,9.90,19.8000,true,1,70066
7290100921616,false,סוד כדוריות אורנים ל,,,סוד כדוריות אורנים ל,גרמים,50.00,100 גרם,false,,9.90,19.8000,true,1,70068
7290100921760,false,הוואי שמפו ספורט 700,,,הוואי שמפו ספורט 700,מיליליטרים,700.00,"100 מ""ל",false,,13.90,1.9857,true,1,70340
7290100924204,false,פרסיל אבקת כביסה 8קג,,,פרסיל אבקת כביסה 8קג,קילוגרמים,8.00,"ק""ג",false,,49.90,6.2375,true,1,71668
7290100924464,false,כדוריות סוד סבון לאס,,,כדוריות סוד סבון לאס,גרמים,0.00,גרם,false,,16.90,0.0000,true,1,136776
7290100924549,false,סוד נוזל רצפות מרוכז,,,סוד נוזל רצפות מרוכז,ליטרים,1.25,ליטר,false,,18.90,15.1200,true,1,73735
7290100925751,false,סוד נוזל לכלים תפוח,,,סוד נוזל לכלים תפוח,מיליליטרים,650.00,"100 מ""ל",false,,6.90,1.0615,true,1,89032
7290100926147,false,פרסיל אבקת כביסה 2.5,,,פרסיל אבקת כביסה 2.5,קילוגרמים,2.50,"ק""ג",false,,24.90,9.9600,true,1,62638
7290100926598,false,פרסיל אבקת כביסה 5קג,,,פרסיל אבקת כביסה 5קג,קילוגרמים,5.00,"ק""ג",false,,44.90,8.9800,true,1,52877
7290100928516,false,סוד ג'ל לכביסה ביד 1,,,סוד ג'ל לכביסה ביד 1,מיליליטרים,1000.00,"100 מ""ל",false,,15.90,1.5900,true,1,64319
7290101110279,false,בליסימו גלידה בטעם ש,,,בליסימו גלידה בטעם ש,מיליליטרים,1300.00,"100 מ""ל",false,,19.90,1.5308,true,1,134927
7290101110453,false,גלידה משפחתית שרבט ת,,,גלידה משפחתית שרבט ת,מיליליטרים,1800.00,"100 מ""ל",false,,19.90,1.1056,true,1,134931
7290101110811,false,גלידל חלבי מאגדת בטע,,,גלידל חלבי מאגדת בטע,יח',8.00,יח',false,,29.90,3.7375,true,1,134916
7290101112921,false,גלידל פרי מאגדת בטעם,,,גלידל פרי מאגדת בטעם,יח',8.00,יח',false,,23.90,2.9875,true,1,134914
7290101113157,false,גלידל חלבי מאגדת בטע,,,גלידל חלבי מאגדת בטע,יח',6.00,יח',false,,25.90,4.3167,true,1,134919
7290101113379,false,יופלה פריזי מאגדת יו,,,יופלה פריזי מאגדת יו,יח',5.00,יח',false,,19.90,3.9800,true,1,134909
7290101113409,false,יופלה פריזי מאגדת בט,,,יופלה פריזי מאגדת בט,יח',5.00,יח',false,,19.90,3.9800,true,1,134907
7290101450900,false,נרות ג'מבו כוכבים ממ,,,נרות ג'מבו כוכבים ממ,יחידה,0.00,יחידה,false,,7.90,0.0000,true,1,28688
7290101488316,false,ליידי ספיד סטיק ללא,,,ליידי ספיד סטיק ללא,גרמים,65.00,100 גרם,false,,21.90,33.6923,true,1,42870
7290101488323,false,ליידי ספיד סטיק ללא,,,ליידי ספיד סטיק ללא,גרמים,65.00,100 גרם,false,,21.90,33.6923,true,1,42871
7290101551263,false,*מבצע* סילאן טבעי יד,,,*מבצע* סילאן טבעי יד,גרמים,700.00,100 גרם,false,,19.90,2.8429,true,1,98191
7290101551300,false,*מבצע* סילאן טבעי לח,,,*מבצע* סילאן טבעי לח,גרמים,380.00,100 גרם,false,,14.90,3.9211,true,1,98192
7290101551539,false,דנונה פרו אפרסק 20 ג,,,דנונה פרו אפרסק 20 ג,גרמים,200.00,100 גרם,false,,6.40,3.2000,true,1,98331
7290101551584,false,תפוציפס קידס מארז 10,,,תפוציפס קידס מארז 10,גרמים,200.00,100 גרם,false,,12.90,6.4500,true,1,98868
7290101551638,false,ציטוס כאפה אפוי מארז,,,ציטוס כאפה אפוי מארז,גרמים,200.00,100 גרם,false,,12.90,6.4500,true,1,98504
7290101551645,false,ציטוס איקס עיגול מאר,,,ציטוס איקס עיגול מאר,גרמים,200.00,100 גרם,false,,12.90,6.4500,true,1,98866
7290101582373,false,יין גרנאש רוזה המושב,,,יין גרנאש רוזה המושב,מטרים,750.00,100 מ'ל,false,,29.90,3.9867,true,1,103003
7290101582397,false,יין מרלו המושבה ביני,,,יין מרלו המושבה ביני,מטרים,750.00,100 מ'ל,false,,29.90,3.9867,true,1,103004
7290101821151,false,דבק מגע,,,דבק מגע,יחידה,0.00,יחידה,false,,4.90,0.0000,true,1,100562
7290101863410,false,סיליט באנג ספריי אקו,,,סיליט באנג ספריי אקו,מיליליטרים,750.00,"100 מ""ל",false,,13.90,1.8533,true,1,45859
7290101864127,false,קליה אוקסי ספריי 750,,,קליה אוקסי ספריי 750,מיליליטרים,750.00,"100 מ""ל",false,,24.90,3.3200,true,1,47951
7290101865261,false,פיניש נוזל הברקה למד,,,פיניש נוזל הברקה למד,מיליליטרים,800.00,"100 מ""ל",false,,21.90,2.7375,true,1,51484
7290101866633,false,קליה גל ורוד 3ליטר,,,קליה גל ורוד 3ליטר,מיליליטרים,3000.00,"100 מ""ל",false,,29.90,0.9967,true,1,56419
7290101866787,false,קליה גל לבן 3ליטר,,,קליה גל לבן 3ליטר,מיליליטרים,3000.00,"100 מ""ל",false,,29.90,0.9967,true,1,62643
7290101869702,false,פיניש ג'ל למדיח 600מ,,,פיניש ג'ל למדיח 600מ,מיליליטרים,600.00,"100 מ""ל",false,,37.90,6.3167,true,1,73193
7290101869719,false,פיניש ג'ל למדיח לימו,,,פיניש ג'ל למדיח לימו,מיליליטרים,600.00,"100 מ""ל",false,,37.90,6.3167,true,1,73194
7290101869733,false,פיניש ג'ל למדיח לימו,,,פיניש ג'ל למדיח לימו,מיליליטרים,1000.00,"100 מ""ל",false,,45.90,4.5900,true,1,73196
7290101869757,false,מכשיר אוטומטי מבשם א,,,מכשיר אוטומטי מבשם א,יחידה,0.00,יחידה,false,,39.90,0.0000,true,1,90794
7290101869788,false,איירוויק מילוי מבשם,,,איירוויק מילוי מבשם,מיליליטרים,250.00,"100 מ""ל",false,,19.90,7.9600,true,1,90797
7290101869795,false,איירוויק מילוי מבשם,,,איירוויק מילוי מבשם,מיליליטרים,250.00,"100 מ""ל",false,,19.90,7.9600,true,1,90798
7290101869801,false,אירוויק מבשם אויר מכ,,,אירוויק מבשם אויר מכ,מיליליטרים,19.00,"100 מ""ל",false,,25.90,136.3158,true,1,90809
7290102030330,false,תפוציפס קראנץ מקסיקנ,,,תפוציפס קראנץ מקסיקנ,גרמים,200.00,100 גרם,false,,11.70,5.8500,true,1,27128
7290102032334,false,קפה נמס עלית בטעם ונ,,,קפה נמס עלית בטעם ונ,גרמים,200.00,100 גרם,false,,29.90,14.9500,true,1,40640
7290102035151,false,אקטיביה 1.5% 150גר,,,אקטיביה 1.5% 150גר,גרמים,150.00,100 גרם,false,,3.90,2.6000,true,1,46684
7290102060979,false,אלמקס משחת שיניים 10,,,אלמקס משחת שיניים 10,מיליליטרים,100.00,"100 מ""ל",false,,22.90,22.9000,true,1,44465
7290102390427,false,מולר פרופ תות 3% 150,,,מולר פרופ תות 3% 150,גרמים,150.00,100 גרם,false,,5.10,3.4000,true,1,40656
7290102390465,false,מולר פרופ אפרסק פסיפ,,,מולר פרופ אפרסק פסיפ,גרמים,150.00,100 גרם,false,,5.10,3.4000,true,1,40659
7290102390489,false,מולר פרופ לימון 3% 1,,,מולר פרופ לימון 3% 1,גרמים,150.00,100 גרם,false,,5.10,3.4000,true,1,40661
7290102391844,false,מולר פרופ לבן+קציפת,,,מולר פרופ לבן+קציפת,גרמים,150.00,100 גרם,false,,5.10,3.4000,true,1,44906
7290102392049,false,גבינה תבור לאפייה 5%,,,גבינה תבור לאפייה 5%,גרמים,500.00,100 גרם,false,,26.90,5.3800,true,1,46217
7290102392094,false,חלב עיזים צוריאל 1ל,,,חלב עיזים צוריאל 1ל,מיליליטרים,1000.00,"100 מ""ל",false,,16.90,1.6900,true,1,46221
7290102393039,false,מולר מיקס בתוספת פצפ,קריות זול,,מולר מיקס בתוספת פצפ,גרמים,150.00,100 גרם,false,,6.00,4.0000,true,1,49839
7290102393169,false,מולר סימפלי פרוט תות,,,מולר סימפלי פרוט תות,גרמים,150.00,100 גרם,false,,5.20,3.4667,true,1,51851
7290102393176,false,מולר סימפלי פרוט אפר,,,מולר סימפלי פרוט אפר,גרמים,150.00,100 גרם,false,,5.20,3.4667,true,1,51852
7290102393190,false,מולר סימפלי פרוט פיר,,,מולר סימפלי פרוט פיר,גרמים,150.00,100 גרם,false,,5.20,3.4667,true,1,51854
7290102393268,false,גבינה לבנה 5% 750גר,,,גבינה לבנה 5% 750גר,גרמים,750.00,100 גרם,false,,14.94,1.9920,true,1,50461
7290102393299,false,יוגורט עיזים לשתייה,,,יוגורט עיזים לשתייה,מיליליטרים,500.00,"100 מ""ל",false,,13.90,2.7800,true,1,51196
7290102393718,false,חלומי חלב בקר צוריאל,,,חלומי חלב בקר צוריאל,גרמים,200.00,100 גרם,false,,22.90,11.4500,true,1,51640
7290102393855,false,יוגורט עיזים 3% אפרס,,,יוגורט עיזים 3% אפרס,גרמים,150.00,100 גרם,false,,6.90,4.6000,true,1,52624
7290102393947,false,מולר סימפלי פרוט קיו,,,מולר סימפלי פרוט קיו,גרמים,150.00,100 גרם,false,,5.20,3.4667,true,1,55586
7290102394081,false,מולר מיקס קורנפקלס מ,,,מולר מיקס קורנפקלס מ,יחידה,0.00,יחידה,false,,6.00,0.0000,true,1,55589
7290102394258,false,מה עז צוריאל 9% 180ג,,,מה עז צוריאל 9% 180ג,גרמים,180.00,100 גרם,false,,23.90,13.2778,true,1,56414
7290102394463,false,גבינה צהובה נעם ואקו,,,גבינה צהובה נעם ואקו,גרמים,500.00,100 גרם,false,,29.90,5.9800,true,1,67851
7290102394821,false,גבינה צהובה נעם דק ד,,,גבינה צהובה נעם דק ד,גרמים,200.00,100 גרם,false,,16.90,8.4500,true,1,63750
7290102394845,false,גבינה צהובה נעם דק ד,,,גבינה צהובה נעם דק ד,גרמים,200.00,100 גרם,false,,17.90,8.9500,true,1,63752
7290102395217,false,מולר ביאנקו במתיקות,,,מולר ביאנקו במתיקות,יחידה,0.00,יחידה,false,,20.90,0.0000,true,1,66586
7290102395224,false,מולר נטורל 1.7% מארז,,,מולר נטורל 1.7% מארז,גרמים,1200.00,100 גרם,false,,18.20,1.5167,true,1,65779
7290102395231,false,מולר נטורל 2.8% מארז,,,מולר נטורל 2.8% מארז,גרמים,1200.00,100 גרם,false,,18.20,1.5167,true,1,65780
7290102395262,false,מולר סימפלי פרוט מאג,,,מולר סימפלי פרוט מאג,יחידה,0.00,יחידה,false,,29.90,0.0000,true,1,67038
7290102395439,false,מולר סימפלי פרוט מאג,,,מולר סימפלי פרוט מאג,גרמים,1200.00,100 גרם,false,,29.90,2.4917,true,1,68533
7290102395446,false,מוו וניל קצפת 123גר,,,מוו וניל קצפת 123גר,גרמים,123.00,100 גרם,false,,3.00,2.4390,true,1,66580
7290102395477,false,מוו שוקולד קצפת 123ג,,,מוו שוקולד קצפת 123ג,גרמים,123.00,100 גרם,false,,3.00,2.4390,true,1,66583
7290102395521,false,שמנת לבישול 15% 500מ,,,שמנת לבישול 15% 500מ,מיליליטרים,500.00,"100 מ""ל",false,,17.90,3.5800,true,1,70424
7290102396405,false,מוו מעדן וניל מארז 8,,,מוו מעדן וניל מארז 8,גרמים,800.00,100 גרם,false,,14.20,1.7750,true,1,71238
7290102396436,false,מוו מעדן חלב בטעם שו,,,מוו מעדן חלב בטעם שו,גרמים,125.00,100 גרם,false,,3.00,2.4000,true,1,70991
7290102396443,false,מוו מעדן חלב בטעם ונ,,,מוו מעדן חלב בטעם ונ,גרמים,125.00,100 גרם,false,,3.00,2.4000,true,1,70992
7290102396665,false,גבינה צהובה נעם 15%,,,גבינה צהובה נעם 15%,גרמים,200.00,100 גרם,false,,16.90,8.4500,true,1,74742
7290102396719,false,מולר סימפלי פרוט תות,,,מולר סימפלי פרוט תות,גרמים,150.00,100 גרם,false,,5.20,3.4667,true,1,72030
7290102396740,false,מולר סימפלי מאגדת 8י,,,מולר סימפלי מאגדת 8י,מיליליטרים,1200.00,"100 מ""ל",false,,29.90,2.4917,true,1,72033
7290102397204,false,גבינה צהובה נעם 22%ד,,,גבינה צהובה נעם 22%ד,גרמים,200.00,100 גרם,false,,17.30,8.6500,true,1,74744
7290102397310,false,מיני מוו שוקולד קצפת,,,מיני מוו שוקולד קצפת,גרמים,560.00,100 גרם,false,,12.50,2.2321,true,1,75963
7290102397464,false,מולר מיקס גרעינים פק,,,מולר מיקס גרעינים פק,יחידה,0.00,יחידה,false,,6.00,0.0000,true,1,92717
7290102397600,false,מולר מיקס+ שקדים ובו,,,מולר מיקס+ שקדים ובו,גרמים,170.00,100 גרם,false,,6.00,3.5294,true,1,76915
7290102397679,false,קוטג 5% 375גר טרה,,,קוטג 5% 375גר טרה,גרמים,375.00,100 גרם,false,,8.30,2.2133,true,1,91407
7290102397730,false,גבינה אמנטל נעם 200ג,,,גבינה אמנטל נעם 200ג,גרמים,200.00,100 גרם,false,,17.90,8.9500,true,1,93973
7290102397747,false,גבינת מוצרלה פרוס 20,,,גבינת מוצרלה פרוס 20,גרמים,200.00,100 גרם,false,,19.50,9.7500,true,1,95903
7290102397891,false,גבינה מותכת צוריאל 1,,,גבינה מותכת צוריאל 1,גרמים,100.00,100 גרם,false,,7.90,7.9000,true,1,92719
7290102398065,false,חלב בקרטון טרה 3% 2,,,חלב בקרטון טרה 3% 2,מיליליטרים,2000.00,"100 מ""ל",false,,12.46,0.6230,true,1,94097
7290102398072,false,חלב בקרטון טרה 3% 1ל,,,חלב בקרטון טרה 3% 1ל,מיליליטרים,1000.00,"100 מ""ל",false,,6.23,0.6230,true,1,94098
7290102398331,false,חלב מועשר דל לקטוז 1,,,חלב מועשר דל לקטוז 1,מיליליטרים,1000.00,"100 מ""ל",false,,8.00,0.8000,true,1,95781
7290102398560,false,שוקו טרה מועשר 1 ליט,,,שוקו טרה מועשר 1 ליט,מיליליטרים,1000.00,"100 מ""ל",false,,12.50,1.2500,true,1,97676
7290102398577,false,שוקו טרה מועשר 250 מ,,,שוקו טרה מועשר 250 מ,מיליליטרים,250.00,"100 מ""ל",false,,5.40,2.1600,true,1,97677
7290102398669,false,אייס קפוצ'ינו 1 ליטר,,,אייס קפוצ'ינו 1 ליטר,מיליליטרים,1000.00,"100 מ""ל",false,,12.50,1.2500,true,1,113574
7290102398782,false,משקה סויה קלאסי 1 לי,,,משקה סויה קלאסי 1 לי,מטרים,1000.00,100 מ'ל,false,,11.90,1.1900,true,1,107700
7290102398805,false,משקה סויה בטעם וניל,,,משקה סויה בטעם וניל,מטרים,1000.00,100 מ'ל,false,,11.90,1.1900,true,1,107702
7290102399635,false,מולר פרופ טרופיקל 4.,,,מולר פרופ טרופיקל 4.,גרמים,150.00,100 גרם,false,,5.10,3.4000,true,1,120775
7290102399796,false,מולר אקטיב 25 יוגורט,,,מולר אקטיב 25 יוגורט,גרמים,200.00,100 גרם,false,,5.60,2.8000,true,1,107708
7290102399819,false,מולר אקטיב יוגורט 20,,,מולר אקטיב יוגורט 20,גרמים,200.00,100 גרם,false,,6.50,3.2500,true,1,107710
7290102399857,false,מולר אקטיב לייט 20 ע,,,מולר אקטיב לייט 20 ע,גרמים,200.00,100 גרם,false,,6.50,3.2500,true,1,120773
7290102601547,false,כפיות פרמיום שקוף/קר,,,כפיות פרמיום שקוף/קר,יחידה,0.00,יחידה,false,,9.90,0.0000,true,1,71084
7290102611904,false,כפות אמריקאי שמאי 10,,,כפות אמריקאי שמאי 10,יחידה,0.00,יחידה,false,,9.90,0.0000,true,1,102742
7290103120658,false,ספיד סטיק ג'ל שחור 8,,,ספיד סטיק ג'ל שחור 8,מיליליטרים,85.00,"100 מ""ל",false,,21.90,25.7647,true,1,46211
7290103124588,false,פלמוליב תחליב רחצה ס,,,פלמוליב תחליב רחצה ס,מיליליטרים,750.00,"100 מ""ל",false,,21.90,2.9200,true,1,63651
7290103124601,false,פלמוליב תחליב רחצה נ,,,פלמוליב תחליב רחצה נ,מיליליטרים,750.00,"100 מ""ל",false,,21.90,2.9200,true,1,63653
7290103128739,false,צימרוני אוזניים בלונ,,,צימרוני אוזניים בלונ,יח',50.00,יח',false,,6.50,0.1300,true,1,63849
7290103400194,false,כרוב לבן שטראוס 400ג,,,כרוב לבן שטראוס 400ג,גרמים,400.00,100 גרם,false,,9.50,2.3750,true,1,49800
7290103400255,false,סלט קולסלאו שטראוס 4,,,סלט קולסלאו שטראוס 4,גרמים,400.00,100 גרם,false,,8.90,2.2250,true,1,49804
7290103401429,false,קפה מגורען קצב ברזיל,,,קפה מגורען קצב ברזיל,גרמים,200.00,100 גרם,false,,24.90,12.4500,true,1,47292
7290103408206,false,עלי חסה ערבית שטופים,,,עלי חסה ערבית שטופים,גרמים,250.00,100 גרם,false,,11.90,4.7600,true,1,47918
7290103681173,false,יין תבור אדום קברנה,,,יין תבור אדום קברנה,מיליליטרים,750.00,"100 מ""ל",false,,39.90,5.3200,true,1,99705
7290103681180,false,יין תבור אדום מרלו 7,,,יין תבור אדום מרלו 7,מיליליטרים,750.00,"100 מ""ל",false,,39.90,5.3200,true,1,99706
7290103681241,false,יין תבור מוסקטו 750מ,,,יין תבור מוסקטו 750מ,מיליליטרים,750.00,"100 מ""ל",false,,39.90,5.3200,true,1,99708
7290103681623,false,יין תבור הר מוסקטו ר,,,יין תבור הר מוסקטו ר,מיליליטרים,750.00,"100 מ""ל",false,,39.90,5.3200,true,1,113070
7290103700072,false,טאצ' מטליות זיג זג ל,,,טאצ' מטליות זיג זג ל,יחידה,0.00,יחידה,false,,8.90,0.0000,true,1,99595
7290103700195,false,רדיד אלומיניום צר 30,,,רדיד אלומיניום צר 30,יח',2.00,יח',false,,10.90,5.4500,true,1,65530
7290103700225,false,שאפו רדיד אלומיניום,,,שאפו רדיד אלומיניום,יחידה,0.00,יחידה,false,,13.90,0.0000,true,1,65531
7290103700324,false,טאצ זוג שקיות אוכל ב,,,טאצ זוג שקיות אוכל ב,יחידה,0.00,יחידה,false,,10.90,0.0000,true,1,62119
7290103700331,false,שאפו שקית אוכל רב תכ,,,שאפו שקית אוכל רב תכ,יחידה,0.00,יחידה,false,,11.90,0.0000,true,1,65533
7290103700379,false,טאצ' כריות קרצוף 3יח,,,טאצ' כריות קרצוף 3יח,יח',3.00,יח',false,,9.90,3.3000,true,1,65526
7290103700386,false,טאצ' כריות קרצוף 6יח,,,טאצ' כריות קרצוף 6יח,יחידה,0.00,יחידה,false,,9.90,0.0000,true,1,65527
7290103700652,false,טאצ' ספוג הפלא 6יח,,,טאצ' ספוג הפלא 6יח,יחידה,0.00,יחידה,false,,9.90,0.0000,true,1,65529
7290103701017,false,טאצ' נייר אפייה 50 י,,,טאצ' נייר אפייה 50 י,יחידה,0.00,יחידה,false,,9.90,0.0000,true,1,70184
7290103701055,false,כוס קרטון טאץ' ב8 או,,,כוס קרטון טאץ' ב8 או,יחידה,0.00,יחידה,false,,9.90,0.0000,true,1,120346
7290103701093,false,טאצ מטליות מיקרופייב,,,טאצ מטליות מיקרופייב,יח',7.00,יח',false,,10.90,1.5571,true,1,74755
7290103701130,false,טאצ מטליות מיקרופייב,,,טאצ מטליות מיקרופייב,יח',7.00,יח',false,,10.90,1.5571,true,1,74945
7290103701147,false,רדיד אלומיניום 200 פ,,,רדיד אלומיניום 200 פ,יחידה,0.00,יחידה,false,,27.90,0.0000,true,1,74946
7290103702212,false,טאצ ממחטות כיס,,,טאצ ממחטות כיס,יחידה,0.00,יחידה,false,,6.90,0.0000,true,1,77212
7290103702229,false,טאצ מפות עבות במיוחד,,,טאצ מפות עבות במיוחד,יח',8.00,יח',false,,7.90,0.9875,true,1,90573
7290103702304,false,טאצ אשפתון בגליל 35,,,טאצ אשפתון בגליל 35,יח',35.00,יח',false,,15.90,0.4543,true,1,90575
7290103703080,false,טאצ זוג שקיות אשפה ע,,,טאצ זוג שקיות אשפה ע,יחידה,0.00,יחידה,false,,17.90,0.0000,true,1,90578
7290103703219,false,טאצ' מטליות לחות לני,,,טאצ' מטליות לחות לני,יח',400.00,יח',false,,19.90,0.0497,true,1,100231
7290103703226,false,טאצ מטליות לחות לניק,,,טאצ מטליות לחות לניק,יח',50.00,יח',false,,8.90,0.1780,true,1,98453
7290103703370,false,טאצ מגבוני טואלט לחי,,,טאצ מגבוני טואלט לחי,יחידה,0.00,יחידה,false,,15.90,0.0000,true,1,98025
7290103703684,false,לאבלי נייר טואלט 30,,,לאבלי נייר טואלט 30,יחידה,0.00,יחידה,false,,29.90,0.0000,true,1,99788
7290104061417,false,חומוס טחינה אחלה קלא,,,חומוס טחינה אחלה קלא,גרמים,400.00,100 גרם,false,,11.50,2.8750,true,1,48598
7290104061431,false,חומוס צנובר אחלה קלא,,,חומוס צנובר אחלה קלא,גרמים,400.00,100 גרם,false,,11.50,2.8750,true,1,48600
7290104061448,false,חומוס חריף אחלה קלאס,,,חומוס חריף אחלה קלאס,גרמים,400.00,100 גרם,false,,11.50,2.8750,true,1,48601
7290104065934,false,שטראוס עלי רוקט 150ג,,,שטראוס עלי רוקט 150ג,גרמים,150.00,100 גרם,false,,11.90,7.9333,true,1,49845
7290104066566,false,טחינה משומשום מלא אח,,,טחינה משומשום מלא אח,גרמים,400.00,100 גרם,false,,15.90,3.9750,true,1,50635
7290104500572,false,אפרופו חטיף איטליאנו,,,אפרופו חטיף איטליאנו,גרמים,50.00,100 גרם,false,,5.50,11.0000,true,1,54889
7290104501661,false,פודינג וניל צרפתי אס,,,פודינג וניל צרפתי אס,גרמים,80.00,100 גרם,false,,5.90,7.3750,true,1,51796
7290104504228,false,דובונים מולטיפק אסם,,,דובונים מולטיפק אסם,גרמים,100.00,100 גרם,false,,14.90,14.9000,true,1,56705
7290104721762,false,קפה טורקי עלית מארז,,,קפה טורקי עלית מארז,גרמים,255.00,100 גרם,false,,18.90,7.4118,true,1,52597
7290104721953,false,לקט מסולסלים ירקות ש,,,לקט מסולסלים ירקות ש,גרמים,350.00,100 גרם,false,,13.90,3.9714,true,1,51307
7290104722530,false,תפוציפס שמנת בצל 200,,,תפוציפס שמנת בצל 200,גרמים,200.00,100 גרם,false,,11.70,5.8500,true,1,51422
7290104726712,false,מילקי שמינייה מארז 8,,,מילקי שמינייה מארז 8,גרמים,1064.00,100 גרם,false,,21.50,2.0207,true,1,63060
7290104728310,false,שמנת להקצפה 38% 250,,,שמנת להקצפה 38% 250,מיליליטרים,250.00,"100 מ""ל",false,,6.47,2.5880,true,1,54862
7290104960338,false,נקה 7 תחליב רחצה ארו,,,נקה 7 תחליב רחצה ארו,מיליליטרים,750.00,"100 מ""ל",false,,12.90,1.7200,true,1,56290
7290104960352,false,נקה 7 תחליב רחצה ארו,,,נקה 7 תחליב רחצה ארו,מיליליטרים,750.00,"100 מ""ל",false,,12.90,1.7200,true,1,56292
7290104961205,false,נקה 7 תחליב רחצה מגע,,,נקה 7 תחליב רחצה מגע,מיליליטרים,750.00,"100 מ""ל",false,,12.90,1.7200,true,1,63490
7290104961250,false,נקה 7 תחליב רחצה מגע,,,נקה 7 תחליב רחצה מגע,מיליליטרים,750.00,"100 מ""ל",false,,12.90,1.7200,true,1,63493
7290104962134,false,דאודורנט קרליין רול,,,דאודורנט קרליין רול,מיליליטרים,75.00,"100 מ""ל",false,,14.90,19.8667,true,1,119976
7290104962868,false,מסיכת אמפולה אינטנס,,,מסיכת אמפולה אינטנס,מיליליטרים,350.00,"100 מ""ל",false,,39.90,11.4000,true,1,112635
7290105360250,false,קפסולות מס9 עשיר ואר,,,קפסולות מס9 עשיר ואר,יחידה,0.00,יחידה,false,,18.90,0.0000,true,1,65792
7290105360328,false,קפסולות מס'10 חזק וע,,,קפסולות מס'10 חזק וע,יחידה,0.00,יחידה,false,,18.90,0.0000,true,1,65793
7290105360335,false,קפסולות מס7 עדין וקט,,,קפסולות מס7 עדין וקט,יחידה,0.00,יחידה,false,,18.90,0.0000,true,1,65794
7290105360878,false,תפוציפס מארז 4*50גר,,,תפוציפס מארז 4*50גר,גרמים,200.00,100 גרם,false,,11.90,5.9500,true,1,71663
7290105362339,false,שמנת לבישול 15% 250מ,,,שמנת לבישול 15% 250מ,מיליליטרים,250.00,"100 מ""ל",false,,8.70,3.4800,true,1,63855
7290105363602,false,כיף כף מקלות קלאסי 4,,,כיף כף מקלות קלאסי 4,גרמים,40.00,100 גרם,false,,5.90,14.7500,true,1,65629
7290105364289,false,כיף כף מקלות פצפוצים,,,כיף כף מקלות פצפוצים,גרמים,40.00,100 גרם,false,,5.90,14.7500,true,1,65630
7290105364302,false,כיף כף מקלות אגוזים,,,כיף כף מקלות אגוזים,גרמים,40.00,100 גרם,false,,5.90,14.7500,true,1,65631
7290105366023,false,חציל טעם כבד אחלה טע,,,חציל טעם כבד אחלה טע,גרמים,400.00,100 גרם,false,,15.90,3.9750,true,1,56821
7290105366047,false,טחינה לבנה אחלה טעמי,,,טחינה לבנה אחלה טעמי,גרמים,400.00,100 גרם,false,,15.90,3.9750,true,1,57256
7290105366993,false,גבינת סימפוניה פלפל,,,גבינת סימפוניה פלפל,גרמים,200.00,100 גרם,false,,11.80,5.9000,true,1,69642
7290105368904,false,שמנת מתוקה להקצפה 32,,,שמנת מתוקה להקצפה 32,מיליליטרים,500.00,"100 מ""ל",false,,7.90,1.5800,true,1,65143
7290105368928,false,שמנת 9% 200מל יטבתה,,,שמנת 9% 200מל יטבתה,מיליליטרים,200.00,"100 מ""ל",false,,3.50,1.7500,true,1,63899
7290105369130,false,גבינת סימפוניה בצל י,,,גבינת סימפוניה בצל י,גרמים,200.00,100 גרם,false,,11.80,5.9000,true,1,67030
7290105430458,false,פלמוליב תחליב רחצה ש,,,פלמוליב תחליב רחצה ש,מיליליטרים,750.00,"100 מ""ל",false,,21.90,2.9200,true,1,94317
7290105431868,false,פלמוליב תחליב רחצה ס,,,פלמוליב תחליב רחצה ס,מיליליטרים,500.00,"100 מ""ל",false,,17.50,3.5000,true,1,69600
7290105439505,false,ממרח מיונז לייט מאסט,,,ממרח מיונז לייט מאסט,גרמים,479.00,100 גרם,false,,9.90,2.0668,true,1,90238
7290105500151,false,וודקה פינלנדיה 700 מ,,,וודקה פינלנדיה 700 מ,מיליליטרים,700.00,"100 מ""ל",false,,69.90,9.9857,true,1,64913
7290105500236,false,וויסקי ג'ק דניאלס 70,,,וויסקי ג'ק דניאלס 70,מיליליטרים,700.00,"100 מ""ל",false,,119.90,17.1286,true,1,68560
7290105691224,false,פריכונים חטיפי טורטי,,,פריכונים חטיפי טורטי,גרמים,60.00,100 גרם,false,,9.50,15.8333,true,1,62339
7290105691248,false,פריכונים חטיפי טורטי,,,פריכונים חטיפי טורטי,גרמים,60.00,100 גרם,false,,9.50,15.8333,true,1,62340
7290105691934,false,קמח שמרים אסם 1קג,,,קמח שמרים אסם 1קג,גרמים,1000.00,100 גרם,false,,11.90,1.1900,true,1,65512
7290105693341,false,*מבצע* במבה מארז אסם,,,*מבצע* במבה מארז אסם,גרמים,250.00,100 גרם,false,,14.90,5.9600,true,1,69908
7290105693457,false,עוגת הבית דמקה שוקו,,,עוגת הבית דמקה שוקו,גרמים,320.00,100 גרם,false,,14.90,4.6563,true,1,64036
7290105695024,false,פתיתים אפויים אורז ע,,,פתיתים אפויים אורז ע,גרמים,500.00,100 גרם,false,,7.90,1.5800,true,1,66617
7290105695895,false,עוגות הבית דמקה דבש,,,עוגות הבית דמקה דבש,גרמים,320.00,100 גרם,false,,14.90,4.6563,true,1,64840
7290105965738,false,דנונה לשתיה תות בננה,,,דנונה לשתיה תות בננה,מיליליטרים,250.00,"100 מ""ל",false,,5.30,2.1200,true,1,70319
7290105968098,false,קולסלאו אחלה 500גר,,,קולסלאו אחלה 500גר,גרמים,500.00,100 גרם,false,,15.90,3.1800,true,1,65474
7290105968654,false,רביולי בטטה שטראוס 4,,,רביולי בטטה שטראוס 4,גרמים,400.00,100 גרם,false,,21.90,5.4750,true,1,65312
7290105968777,false,פריכיות תחתית שוקולד,,,פריכיות תחתית שוקולד,גרמים,80.00,100 גרם,false,,8.90,11.1250,true,1,67695
7290106520066,false,רבע לשבע גלילי וופל,,,רבע לשבע גלילי וופל,גרמים,160.00,100 גרם,false,,12.90,8.0625,true,1,65628
7290106520288,false,דנונה WOW תות 150 ג,,,דנונה WOW תות 150 ג,גרמים,150.00,100 גרם,false,,4.90,3.2667,true,1,75602
7290106520912,false,שמנת לבישול 9% יטבתה,,,שמנת לבישול 9% יטבתה,מיליליטרים,250.00,"100 מ""ל",false,,8.70,3.4800,true,1,67702
7290106521049,false,סלטי קוביות סלק אחלה,,,סלטי קוביות סלק אחלה,גרמים,400.00,100 גרם,false,,15.90,3.9750,true,1,69047
7290106525320,false,שוקולית לאפיה 500גר,,,שוקולית לאפיה 500גר,גרמים,500.00,100 גרם,false,,16.90,3.3800,true,1,100143
7290106525399,false,קפסולות ברזיל 06 למכ,,,קפסולות ברזיל 06 למכ,גרמים,50.00,100 גרם,false,,18.90,37.8000,true,1,76764
7290106526822,false,פריכיות עם תחתית שוק,,,פריכיות עם תחתית שוק,גרמים,80.00,100 גרם,false,,8.90,11.1250,true,1,69762
7290106528628,false,דוריטוס טבעי 185גר,,,דוריטוס טבעי 185גר,גרמים,185.00,100 גרם,false,,8.30,4.4865,true,1,76417
7290106528949,false,לקט ערוגות שטראוס 45,,,לקט ערוגות שטראוס 45,גרמים,450.00,100 גרם,false,,12.90,2.8667,true,1,70783
7290106572027,false,לחמית חמישה דגנים אס,,,לחמית חמישה דגנים אס,גרמים,190.00,100 גרם,false,,9.90,5.2105,true,1,65748
7290106572065,false,פריכונים חטיפי טורטי,,,פריכונים חטיפי טורטי,גרמים,60.00,100 גרם,false,,8.50,14.1667,true,1,65749
7290106572959,false,אפרופו קלאסי מארז אס,,,אפרופו קלאסי מארז אס,גרמים,125.00,100 גרם,false,,13.90,11.1200,true,1,67553
7290106572997,false,קמח שמרים לפיצה ופוק,,,קמח שמרים לפיצה ופוק,גרמים,1000.00,100 גרם,false,,11.90,1.1900,true,1,67308
7290106573277,false,קריספי טאפאס זיתים א,,,קריספי טאפאס זיתים א,גרמים,150.00,100 גרם,false,,12.90,8.6000,true,1,69526
7290106573314,false,קריספי טאפאס כפרי אס,,,קריספי טאפאס כפרי אס,גרמים,150.00,100 גרם,false,,12.90,8.6000,true,1,69534
7290106574953,false,בייגלה שטוחים שומשום,,,בייגלה שטוחים שומשום,גרמים,300.00,100 גרם,false,,11.90,3.9667,true,1,68361
7290106574977,false,בייגלה שטוחים עם מלח,,,בייגלה שטוחים עם מלח,גרמים,300.00,100 גרם,false,,11.90,3.9667,true,1,68362
7290106576537,false,חומוס מסעדות צבר 700,,,חומוס מסעדות צבר 700,גרמים,700.00,100 גרם,false,,11.90,1.7000,true,1,69000
7290106576810,false,לה קרמריה ריבת חלב 1,,,לה קרמריה ריבת חלב 1,מיליליטרים,1400.00,"100 מ""ל",false,,22.90,1.6357,true,1,69912
7290106576834,false,לה קרמריה פונטש בננה,,,לה קרמריה פונטש בננה,מיליליטרים,1400.00,"100 מ""ל",false,,22.90,1.6357,true,1,69913
7290106576919,false,לה קרמריה סורבה תות,,,לה קרמריה סורבה תות,מיליליטרים,1400.00,"100 מ""ל",false,,22.90,1.6357,true,1,69915
7290106576995,false,לה קרמריה סורבה תות,,,לה קרמריה סורבה תות,מיליליטרים,1400.00,"100 מ""ל",false,,22.90,1.6357,true,1,70252
7290106577527,false,סלט קולסלאו צבר 400,,,סלט קולסלאו צבר 400,גרמים,400.00,100 גרם,false,,12.90,3.2250,true,1,69481
7290106577541,false,כרוב אדום צבר 400גרם,,,כרוב אדום צבר 400גרם,גרמים,400.00,100 גרם,false,,12.90,3.2250,true,1,69482
7290106577572,false,מטבוחה צבר 400גרם,,,מטבוחה צבר 400גרם,גרמים,400.00,100 גרם,false,,12.90,3.2250,true,1,69483
7290106578692,false,במבה ביסלי מיקס אסם,,,במבה ביסלי מיקס אסם,גרמים,80.00,100 גרם,false,,4.90,6.1250,true,1,70902
7290106653689,false,לקט לסלט אסייתי שטרא,,,לקט לסלט אסייתי שטרא,גרמים,350.00,100 גרם,false,,12.90,3.6857,true,1,92082
7290106654099,false,מילקי קייק שמינייה 8,,,מילקי קייק שמינייה 8,גרמים,272.00,100 גרם,false,,19.90,7.3162,true,1,75933
7290106656727,false,עוגיות חיוכים שוקו ב,,,עוגיות חיוכים שוקו ב,גרמים,600.00,100 גרם,false,,18.90,3.1500,true,1,70774
7290106662964,false,סוכריות נוסטלגיה גומ,,,סוכריות נוסטלגיה גומ,גרמים,100.00,100 גרם,false,,5.90,5.9000,true,1,73497
7290106663091,false,לאבנה 9 % 500 גר שטר,,,לאבנה 9 % 500 גר שטר,גרמים,500.00,100 גרם,false,,19.20,3.8400,true,1,75105
7290106663503,false,קונפיטורת לייט תות י,,,קונפיטורת לייט תות י,גרמים,250.00,100 גרם,false,,13.90,5.5600,true,1,72099
7290106663558,false,רוטב טריאקי רימון יד,,,רוטב טריאקי רימון יד,גרמים,320.00,100 גרם,false,,14.90,4.6563,true,1,73953
7290106664067,false,לאבנה שמן זית וזעתר,,,לאבנה שמן זית וזעתר,גרמים,400.00,100 גרם,false,,15.50,3.8750,true,1,75106
7290106664555,false,רוטב שמנת עם עגבניות,,,רוטב שמנת עם עגבניות,מיליליטרים,250.00,"100 מ""ל",false,,10.90,4.3600,true,1,74879
7290106664562,false,רוטב שמנת עם פטריות,,,רוטב שמנת עם פטריות,מיליליטרים,250.00,"100 מ""ל",false,,10.90,4.3600,true,1,72919
7290106667266,false,דוריטוס חמוץ חריף 18,,,דוריטוס חמוץ חריף 18,גרמים,185.00,100 גרם,false,,8.30,4.4865,true,1,76419
7290106668713,false,דנונה פירות יער 3% 1,,,דנונה פירות יער 3% 1,גרמים,150.00,100 גרם,false,,3.90,2.6000,true,1,74220
7290106669857,false,קפסולות אספרסו בטעם,,,קפסולות אספרסו בטעם,גרמים,50.00,100 גרם,false,,18.90,37.8000,true,1,92491
7290106720626,false,ציטוס קראנצ בטעם גבי,,,ציטוס קראנצ בטעם גבי,גרמים,80.00,100 גרם,false,,4.90,6.1250,true,1,92966
7290106721913,false,מסטיק מאסט ריח פה צ',,,מסטיק מאסט ריח פה צ',גרמים,66.00,100 גרם,false,,10.90,16.5152,true,1,73503
7290106721920,false,מסטיק מאסט ספירימינט,,,מסטיק מאסט ספירימינט,גרמים,66.00,100 גרם,false,,10.90,16.5152,true,1,73504
7290106723689,false,עלי תרד בייבי שטראוס,,,עלי תרד בייבי שטראוס,גרמים,200.00,100 גרם,false,,11.90,5.9500,true,1,72073
7290106724488,false,דנונה טבעי 1.7% 150מ,,,דנונה טבעי 1.7% 150מ,מיליליטרים,150.00,"100 מ""ל",false,,2.50,1.6667,true,1,73332
7290106725867,false,סירופ מייפל טהור 189,,,סירופ מייפל טהור 189,מיליליטרים,189.00,"100 מ""ל",false,,29.90,15.8201,true,1,75379
7290106726178,false,דנונה WOW פירות יער,,,דנונה WOW פירות יער,מיליליטרים,150.00,"100 מ""ל",false,,4.90,3.2667,true,1,75111
7290106728127,false,חלב טבעי בבקבוק 3.6%,,,חלב טבעי בבקבוק 3.6%,מיליליטרים,1000.00,"100 מ""ל",false,,7.90,0.7900,true,1,75083
7290107280013,false,מגבוני ליטופים חמישי,,,מגבוני ליטופים חמישי,יח',5.00,יח',false,,21.90,4.3800,true,1,105388
7290107280020,false,מגבוני ניקוי כללי סנ,,,מגבוני ניקוי כללי סנ,יחידה,0.00,יחידה,false,,21.90,0.0000,true,1,105389
7290107280037,false,מטליות לחות סנו סושי,,,מטליות לחות סנו סושי,יח',50.00,יח',false,,10.90,0.2180,true,1,68819
7290107280099,false,מגבוני טואלט סופט של,,,מגבוני טואלט סופט של,יחידה,0.00,יחידה,false,,17.90,0.0000,true,1,112620
7290107280341,false,ריצפז מטליות לחות לנ,,,ריצפז מטליות לחות לנ,יחידה,0.00,יחידה,false,,13.90,0.0000,true,1,112361
7290107280563,false,סנו אוקסיגן בייבי 3ל,,,סנו אוקסיגן בייבי 3ל,מיליליטרים,3000.00,"100 מ""ל",false,,33.90,1.1300,true,1,71835
7290107280570,false,סנו מקסימה גל לכביסה,,,סנו מקסימה גל לכביסה,ליטרים,3.00,ליטר,false,,33.90,11.3000,true,1,71837
7290107280587,false,סנובון דאבל אקשן בני,,,סנובון דאבל אקשן בני,יחידה,0.00,יחידה,false,,13.90,0.0000,true,1,75333
7290107280709,false,סנו ספארק נוזל הברקה,,,סנו ספארק נוזל הברקה,מיליליטרים,900.00,"100 מ""ל",false,,15.90,1.7667,true,1,72417
7290107280723,false,ספארק נוזל לניקוי כל,,,ספארק נוזל לניקוי כל,מיליליטרים,700.00,"100 מ""ל",false,,10.90,1.5571,true,1,72419
7290107280747,false,ספארק נוזל לניקוי כל,,,ספארק נוזל לניקוי כל,מיליליטרים,700.00,"100 מ""ל",false,,10.90,1.5571,true,1,72421
7290107280761,false,סנו ספארק משאבה לימו,,,סנו ספארק משאבה לימו,מיליליטרים,1000.00,"100 מ""ל",false,,13.90,1.3900,true,1,75332
7290107340526,false,מטען טייפסי IMX,,,מטען טייפסי IMX,יחידה,0.00,יחידה,false,,39.90,0.0000,true,1,127082
7290107341370,false,כבל טייפסי IMX,,,כבל טייפסי IMX,יחידה,0.00,יחידה,false,,19.90,0.0000,true,1,127088
7290107645584,false,מרק עוף אמיתי קנור ר,קריות זול,,מרק עוף אמיתי קנור ר,גרמים,400.00,100 גרם,false,,25.90,6.4750,true,1,98132
7290107646147,false,שוגי קורנפלקס מאגדת,,,שוגי קורנפלקס מאגדת,גרמים,156.00,100 גרם,false,,14.90,9.5513,true,1,96883
7290107646154,false,קוקומן פצפוצים מאגדת,,,קוקומן פצפוצים מאגדת,גרמים,126.00,100 גרם,false,,14.90,11.8254,true,1,96884
7290107646826,false,שוגי שוקו מאגדת חטיפ,,,שוגי שוקו מאגדת חטיפ,גרמים,156.00,100 גרם,false,,14.90,9.5513,true,1,96885
7290107646918,false,רוטב עגבניות ופלפלים,,,רוטב עגבניות ופלפלים,גרמים,415.00,100 גרם,false,,11.90,2.8675,true,1,95042
7290107647731,false,קוקומן חום לבן בדצ 3,,,קוקומן חום לבן בדצ 3,גרמים,375.00,100 גרם,false,,21.90,5.8400,true,1,94758
7290107647816,false,ברנפלקס בדצ ללא סוכר,,,ברנפלקס בדצ ללא סוכר,גרמים,500.00,100 גרם,false,,23.90,4.7800,true,1,95523
7290107647823,false,ברנפלקס בדצ 500גר,,,ברנפלקס בדצ 500גר,גרמים,500.00,100 גרם,false,,23.90,4.7800,true,1,95522
7290107647854,false,שוגי בדצ 500 גר,,,שוגי בדצ 500 גר,גרמים,500.00,100 גרם,false,,21.90,4.3800,true,1,94851
7290107649094,false,מגה מקלות שומשום 150,קריות זול,,מגה מקלות שומשום 150,גרמים,150.00,100 גרם,false,,6.90,4.6000,true,1,99954
7290107649100,false,טבעות שומשום 300 גרם,,,טבעות שומשום 300 גרם,גרמים,300.00,100 גרם,false,,10.90,3.6333,true,1,99955
7290107649605,false,קליק שוקולד קורנפלקס,,,קליק שוקולד קורנפלקס,גרמים,85.00,100 גרם,false,,6.90,8.1176,true,1,98622
7290107871297,false,פירכונים מיני עשבי ת,,,פירכונים מיני עשבי ת,גרמים,25.00,100 גרם,false,,4.50,18.0000,true,1,72604
7290107871990,false,פסטה צינורות אסם 500,,,פסטה צינורות אסם 500,גרמים,500.00,100 גרם,false,,6.90,1.3800,true,1,71501
7290107874502,false,ביסלי גריל מארז אסם,,,ביסלי גריל מארז אסם,גרמים,220.00,100 גרם,false,,13.90,6.3182,true,1,76852
7290107875271,false,ביסלי ברביקיו מארז א,,,ביסלי ברביקיו מארז א,גרמים,220.00,100 גרם,false,,13.90,6.3182,true,1,76853
7290107875400,false,לה קרמריה פיסטוק מוק,,,לה קרמריה פיסטוק מוק,מיליליטרים,1400.00,"100 מ""ל",false,,22.90,1.6357,true,1,72363
7290107875820,false,קרוטונים אפויים בתיב,,,קרוטונים אפויים בתיב,גרמים,180.00,100 גרם,false,,12.90,7.1667,true,1,94307
7290107877619,false,במבה במילוי קרם נוגט,,,במבה במילוי קרם נוגט,גרמים,150.00,100 גרם,false,,14.90,9.9333,true,1,92251
7290107879569,false,מאגדת לה פרוטה מנגו,,,מאגדת לה פרוטה מנגו,יחידה,0.00,יחידה,false,,26.90,0.0000,true,1,76228
7290107930321,false,קונפיטורת דובדבן יד,,,קונפיטורת דובדבן יד,גרמים,340.00,100 גרם,false,,13.90,4.0882,true,1,74565
7290107931397,false,כיף כף פצפצים 40גר,,,כיף כף פצפצים 40גר,גרמים,40.00,100 גרם,false,,5.90,14.7500,true,1,76532
7290107932080,false,חלב מועשר בבקבוק 3%,,,חלב מועשר בבקבוק 3%,מיליליטרים,1000.00,"100 מ""ל",false,,7.90,0.7900,true,1,75084
7290107933155,false,לקט סלנובה 200גר,,,לקט סלנובה 200גר,גרמים,200.00,100 גרם,false,,14.90,7.4500,true,1,76054
7290107934473,false,אקטיביה מארז שמינייה,,,אקטיביה מארז שמינייה,גרמים,1200.00,100 גרם,false,,21.90,1.8250,true,1,74718
7290107936309,false,דנונה יווני לבן 130ג,,,דנונה יווני לבן 130ג,גרמים,130.00,100 גרם,false,,3.70,2.8462,true,1,90047
7290107936965,false,עד חצות ביסקוויט עיג,קריות זול,,עד חצות ביסקוויט עיג,גרמים,225.00,100 גרם,false,,14.90,6.6222,true,1,94890
7290107937542,false,אקטיביה משקה תות 1.2,,,אקטיביה משקה תות 1.2,גרמים,265.00,100 גרם,false,,5.40,2.0377,true,1,76758
7290107937627,false,מסטיק מאסט קוביות ספ,,,מסטיק מאסט קוביות ספ,גרמים,58.00,100 גרם,false,,10.90,18.7931,true,1,90071
7290107937856,false,קפסולות עלית מס 11 ל,,,קפסולות עלית מס 11 ל,יחידה,0.00,יחידה,false,,18.90,0.0000,true,1,89840
7290107938396,false,אקטימל תות שמינייה ב,,,אקטימל תות שמינייה ב,גרמים,864.00,100 גרם,false,,21.90,2.5347,true,1,77138
7290107939027,false,גזר דק דק ירקות שטרא,,,גזר דק דק ירקות שטרא,גרמים,250.00,100 גרם,false,,6.90,2.7600,true,1,91757
7290107940030,false,*מבצע* חומוס אחלה 65,,,*מבצע* חומוס אחלה 65,גרמים,650.00,100 גרם,false,,8.90,1.3692,true,1,96585
7290107941259,false,עדשים ירוקות מבושלות,,,עדשים ירוקות מבושלות,גרמים,475.00,100 גרם,false,,10.90,2.2947,true,1,91758
7290107941266,false,שעועית אדומה מבושלת,,,שעועית אדומה מבושלת,גרמים,475.00,100 גרם,false,,14.90,3.1368,true,1,91759
7290107941273,false,חומוס מבושל שטראוס 4,,,חומוס מבושל שטראוס 4,גרמים,475.00,100 גרם,false,,10.90,2.2947,true,1,91760
7290107943192,false,שמנת חמוצה מהערבה 27,,,שמנת חמוצה מהערבה 27,מיליליטרים,200.00,"100 מ""ל",false,,4.40,2.2000,true,1,94866
7290107943369,false,קוואקר שיבולת שועל ל,,,קוואקר שיבולת שועל ל,גרמים,511.00,100 גרם,false,,19.90,3.8943,true,1,94602
7290107944472,false,גבינת סימפוניה שום ש,,,גבינת סימפוניה שום ש,גרמים,200.00,100 גרם,false,,11.80,5.9000,true,1,90541
7290107945165,false,קונפיטורת משמש יד מר,קריות זול,,קונפיטורת משמש יד מר,גרמים,340.00,100 גרם,false,,13.90,4.0882,true,1,92488
7290107950190,false,מעדן שטראוס דיאט שוק,,,מעדן שטראוס דיאט שוק,גרמים,130.00,100 גרם,false,,3.40,2.6154,true,1,90037
7290107950206,false,מעדן שטראוס דיאט שוק,,,מעדן שטראוס דיאט שוק,גרמים,130.00,100 גרם,false,,3.40,2.6154,true,1,90221
7290107953559,false,מארז קפה טורקי לדרך,,,מארז קפה טורקי לדרך,גרמים,168.00,100 גרם,false,,19.90,11.8452,true,1,106236
7290107954709,false,קונפיטורת פירות יער,,,קונפיטורת פירות יער,גרמים,340.00,100 גרם,false,,13.90,4.0882,true,1,93935
7290107954976,false,משקה חלב יטבתה פרו 3,,,משקה חלב יטבתה פרו 3,מיליליטרים,350.00,"100 מ""ל",false,,6.90,1.9714,true,1,94268
7290107956642,false,"תרסיס שמן זית 150 מ""",,,"תרסיס שמן זית 150 מ""",מיליליטרים,150.00,"100 מ""ל",false,,17.90,11.9333,true,1,96694
7290107956895,false,קפסולות אספרסו בטעם,,,קפסולות אספרסו בטעם,גרמים,50.00,100 גרם,false,,18.90,37.8000,true,1,96877
7290107956901,false,קפסולות אספרסו בטעם,,,קפסולות אספרסו בטעם,גרמים,150.00,100 גרם,false,,18.90,12.6000,true,1,95259
7290107956925,false,קפסולות אוגנדה מס 13,,,קפסולות אוגנדה מס 13,יחידה,0.00,יחידה,false,,18.90,0.0000,true,1,98429
7290107956932,false,קפסולות קפה עלית איד,,,קפסולות קפה עלית איד,גרמים,50.00,100 גרם,false,,18.90,37.8000,true,1,94893
7290107957991,false,מילקי מינייס מארז 6י,,,מילקי מינייס מארז 6י,גרמים,144.00,100 גרם,false,,14.90,10.3472,true,1,98204
7290107958035,false,דנונה מארז שמינייה מ,,,דנונה מארז שמינייה מ,גרמים,1200.00,100 גרם,false,,19.90,1.6583,true,1,95274
7290107973861,false,עגבניות קצוצות דק מא,,,עגבניות קצוצות דק מא,גרמים,1200.00,100 גרם,false,,16.90,1.4083,true,1,90244
7290107974820,false,ממרח מתובל ספייסי מא,,,ממרח מתובל ספייסי מא,גרמים,250.00,100 גרם,false,,8.90,3.5600,true,1,90239
7290107974837,false,ממרח מתובל שום מאסטר,,,ממרח מתובל שום מאסטר,גרמים,250.00,100 גרם,false,,8.90,3.5600,true,1,90240
7290107978453,false,קראנצוס גריל 55 גרם,,,קראנצוס גריל 55 גרם,גרמים,55.00,100 גרם,false,,4.30,7.8182,true,1,94801
7290108201864,false,קולון קפסולות לכביסה,,,קולון קפסולות לכביסה,יחידה,0.00,יחידה,false,,27.90,0.0000,true,1,120098
7290108350128,false,שקיות אשפה סנו סושי,,,שקיות אשפה סנו סושי,יח',40.00,יח',false,,29.90,0.7475,true,1,73979
7290108350722,false,אורביטול משחת שיניים,,,אורביטול משחת שיניים,גרמים,70.00,100 גרם,false,,7.90,11.2857,true,1,128973
7290108351149,false,סנו ג'ט פלוס לניקוי,,,סנו ג'ט פלוס לניקוי,ליטרים,1.50,ליטר,false,,14.90,9.9333,true,1,92521
7290108351552,false,סנו ג'ט פלוס עם חומץ,,,סנו ג'ט פלוס עם חומץ,מיליליטרים,750.00,"100 מ""ל",false,,13.90,1.8533,true,1,95324
7290108351583,false,סנו גט+לניקוי אסלות,,,סנו גט+לניקוי אסלות,מיליליטרים,750.00,"100 מ""ל",false,,13.90,1.8533,true,1,97555
7290108351613,false,ריצפז פרש הום בניחוח,,,ריצפז פרש הום בניחוח,ליטרים,2.00,ליטר,false,,24.90,12.4500,true,1,95336
7290108351699,false,מגבוני ניקוי ג'ט +חו,,,מגבוני ניקוי ג'ט +חו,יחידה,0.00,יחידה,false,,21.90,0.0000,true,1,112352
7290108351804,false,סנו מקסימה סופר מרוכ,,,סנו מקסימה סופר מרוכ,מיליליטרים,1000.00,"100 מ""ל",false,,18.90,1.8900,true,1,103115
7290108352009,false,סנו ספארק טבליות למד,,,סנו ספארק טבליות למד,יחידה,0.00,יחידה,false,,45.90,0.0000,true,1,113484
7290108352146,false,סנובון נוזלי בניחוח,קריות זול,,סנובון נוזלי בניחוח,מיליליטרים,750.00,"100 מ""ל",false,,10.90,1.4533,true,1,120269
7290108352207,false,סנו מקסימה 40 קפסולו,,,סנו מקסימה 40 קפסולו,יח',40.00,יח',false,,34.90,0.8725,true,1,120610
7290108352214,false,סנו מקסימה 40 קפסולו,,,סנו מקסימה 40 קפסולו,יח',40.00,יח',false,,34.90,0.8725,true,1,120611
7290108352252,false,סנו ספארק לניקוי כלי,,,סנו ספארק לניקוי כלי,מיליליטרים,1000.00,"100 מ""ל",false,,13.90,1.3900,true,1,127032
7290108352269,false,דלי מטליות לחיטוי ול,,,דלי מטליות לחיטוי ול,יחידה,0.00,יחידה,false,,34.90,0.0000,true,1,120121
7290108352290,false,מטליות שלישייה לחיטו,,,מטליות שלישייה לחיטו,יחידה,0.00,יחידה,false,,19.90,0.0000,true,1,120122
7290108352320,false,סנו פרש הום מלון בוט,,,סנו פרש הום מלון בוט,מיליליטרים,350.00,"100 מ""ל",false,,14.90,4.2571,true,1,120268
7290108352337,false,סנו פרש הום אוטומטיק,,,סנו פרש הום אוטומטיק,מיליליטרים,250.00,"100 מ""ל",false,,16.90,6.7600,true,1,120271
7290108352429,false,סנו פרש הום בניחוח ו,,,סנו פרש הום בניחוח ו,מיליליטרים,300.00,"100 מ""ל",false,,13.90,4.6333,true,1,127041
7290108352450,false,ריצפז פרש הום בלוסום,,,ריצפז פרש הום בלוסום,ליטרים,2.00,ליטר,false,,24.90,12.4500,true,1,128447
7290108352528,false,מתז 99.9% לחיטוי וני,,,מתז 99.9% לחיטוי וני,מטרים,750.00,100 מ'ל,false,,17.90,2.3867,true,1,136305
7290108352535,false,*מבצע* מקסימה דפי בי,,,*מבצע* מקסימה דפי בי,יח',20.00,יח',false,,11.90,0.5950,true,1,137938
7290108352566,false,סנו מקסימה מרכך כביס,,,סנו מקסימה מרכך כביס,מיליליטרים,4000.00,"100 מ""ל",false,,23.90,0.5975,true,1,138594
7290108352825,false,ספוג הפלא נירוסטה סנ,,,ספוג הפלא נירוסטה סנ,יחידה,0.00,יחידה,false,,10.90,0.0000,true,1,112865
7290108352849,false,סנו סושי מטלית הפלא,,,סנו סושי מטלית הפלא,יח',3.00,יח',false,,15.90,5.3000,true,1,135152
7290108353068,false,כריות סיבי הירוסטה ס,,,כריות סיבי הירוסטה ס,יחידה,0.00,יחידה,false,,10.90,0.0000,true,1,112866
7290108353334,false,כיף שמפו למניעת קשקש,,,כיף שמפו למניעת קשקש,מיליליטרים,700.00,"100 מ""ל",false,,13.90,1.9857,true,1,112590
7290108353686,false,מטלית חלומית לרצפה ס,קריות זול,,מטלית חלומית לרצפה ס,יחידה,0.00,יחידה,false,,10.90,0.0000,true,1,128974
7290108353778,false,נקה 7 תחליב רחצה - נ,,,נקה 7 תחליב רחצה - נ,מיליליטרים,750.00,"100 מ""ל",false,,12.90,1.7200,true,1,128043
7290108353815,false,קרמה תחליב רחצה ספא,,,קרמה תחליב רחצה ספא,מיליליטרים,600.00,"100 מ""ל",false,,19.90,3.3167,true,1,140505
7290108353952,false,קרמה דאודורנט ספריי,,,קרמה דאודורנט ספריי,מיליליטרים,150.00,"100 מ""ל",false,,15.90,10.6000,true,1,137462
7290108353983,false,קרמה קרם גוף קלאסי 5,,,קרמה קרם גוף קלאסי 5,מיליליטרים,500.00,"100 מ""ל",false,,26.90,5.3800,true,1,128052
7290108354270,false,מקסימה מרכך כביסה מר,,,מקסימה מרכך כביסה מר,מיליליטרים,1000.00,"100 מ""ל",false,,18.90,1.8900,true,1,137809
7290108354430,false,כיף שמפו לשיער שמן ק,,,כיף שמפו לשיער שמן ק,מיליליטרים,700.00,"100 מ""ל",false,,13.90,1.9857,true,1,128975
7290108354607,false,נקה 7 שמפו ביו 750מל,,,נקה 7 שמפו ביו 750מל,מיליליטרים,750.00,"100 מ""ל",false,,12.90,1.7200,true,1,140118
7290108354751,false,סנו ג'ט פלוס עם חומץ,,,סנו ג'ט פלוס עם חומץ,מיליליטרים,750.00,"100 מ""ל",false,,13.90,1.8533,true,1,99037
7290108354829,false,קרמה קרם ידיים ורד ו,,,קרמה קרם ידיים ורד ו,מיליליטרים,100.00,"100 מ""ל",false,,10.00,10.0000,true,1,128929
7290108354911,false,קרמה מן 3 ב-1 -שמפו,,,קרמה מן 3 ב-1 -שמפו,מטרים,700.00,100 מ'ל,false,,17.90,2.5571,true,1,113485
7290108355000,false,נקה 7 קידס שמפו מיני,,,נקה 7 קידס שמפו מיני,מיליליטרים,750.00,"100 מ""ל",false,,11.90,1.5867,true,1,76674
7290108355147,false,נקה 7 תחליב רחצה שמנ,,,נקה 7 תחליב רחצה שמנ,מיליליטרים,750.00,"100 מ""ל",false,,12.90,1.7200,true,1,97556
7290108355178,false,קרמה קרם ידיים חמאת,,,קרמה קרם ידיים חמאת,מיליליטרים,100.00,"100 מ""ל",false,,10.00,10.0000,true,1,128930
7290108356021,false,כיף תחליב רחצה בניחו,,,כיף תחליב רחצה בניחו,מיליליטרים,700.00,"100 מ""ל",false,,13.90,1.9857,true,1,99477
7290108356045,false,כיף תחליב רחצה בניחו,,,כיף תחליב רחצה בניחו,מיליליטרים,700.00,"100 מ""ל",false,,13.90,1.9857,true,1,99479
7290108356113,false,כיף תחליב רחצה דבש 7,קריות זול,,כיף תחליב רחצה דבש 7,מיליליטרים,700.00,"100 מ""ל",false,,13.90,1.9857,true,1,99093
7290108356120,false,כיף תחליב רחצה קוקוס,קריות זול,,כיף תחליב רחצה קוקוס,מיליליטרים,700.00,"100 מ""ל",false,,13.90,1.9857,true,1,99094
7290108356137,false,כיף תחליב רחצה לבנדר,קריות זול,,כיף תחליב רחצה לבנדר,מיליליטרים,700.00,"100 מ""ל",false,,13.90,1.9857,true,1,99095
7290108356298,false,כיף מוס רחצה בניחוח,,,כיף מוס רחצה בניחוח,מיליליטרים,150.00,"100 מ""ל",false,,13.90,9.2667,true,1,137940
7290108356519,false,קרליין שמפו 10 לשיער,,,קרליין שמפו 10 לשיער,מיליליטרים,700.00,"100 מ""ל",false,,14.90,2.1286,true,1,138910
7290108356557,false,קרליין שמפו 10 למניע,,,קרליין שמפו 10 למניע,מיליליטרים,700.00,"100 מ""ל",false,,14.90,2.1286,true,1,138914
7290108356564,false,קרליין מרכך 10 לשיער,,,קרליין מרכך 10 לשיער,מיליליטרים,700.00,"100 מ""ל",false,,14.90,2.1286,true,1,138915
7290108357080,false,קרליין ספריי נושם בי,,,קרליין ספריי נושם בי,מיליליטרים,150.00,"100 מ""ל",false,,14.90,9.9333,true,1,139146
7290108357097,false,קרליין ספריי נושם בי,,,קרליין ספריי נושם בי,מיליליטרים,150.00,"100 מ""ל",false,,14.90,9.9333,true,1,139147
7290108357196,false,סנו ג'ט +לניקוי וחיט,,,סנו ג'ט +לניקוי וחיט,מיליליטרים,750.00,"100 מ""ל",false,,13.90,1.8533,true,1,136694
7290108357226,false,סנו אוקסיג'ן פאוור א,,,סנו אוקסיג'ן פאוור א,גרמים,1400.00,100 גרם,false,,29.90,2.1357,true,1,138920
7290108357264,false,פרש אוטומטי מילוי או,,,פרש אוטומטי מילוי או,מיליליטרים,250.00,"100 מ""ל",false,,16.90,6.7600,true,1,140122
7290108357295,false,סנו אוקסיגן מסיר כתמ,,,סנו אוקסיגן מסיר כתמ,מיליליטרים,750.00,"100 מ""ל",false,,18.90,2.5200,true,1,140121
7290108357660,false,סנובון באבלס בניחוח,קריות זול,,סנובון באבלס בניחוח,מיליליטרים,0.00,"מ""ל",false,,17.90,0.0000,true,1,141218
7290108357707,false,כיף שמפו לשיער רגיל,,,כיף שמפו לשיער רגיל,מיליליטרים,700.00,"100 מ""ל",false,,13.90,1.9857,true,1,99744
7290108357714,false,כיף שמפו לשיער יבש ר,,,כיף שמפו לשיער יבש ר,מיליליטרים,700.00,"100 מ""ל",false,,13.90,1.9857,true,1,99745
7290108357769,false,כיף מרכך לשיער רגיל,,,כיף מרכך לשיער רגיל,מיליליטרים,700.00,"100 מ""ל",false,,13.90,1.9857,true,1,99747
7290108357776,false,כיף מרכך לשיער יבש ר,,,כיף מרכך לשיער יבש ר,מיליליטרים,700.00,"100 מ""ל",false,,13.90,1.9857,true,1,99748
7290108357868,false,כיף ג'ל רחצה אליקסיר,,,כיף ג'ל רחצה אליקסיר,מיליליטרים,700.00,"100 מ""ל",false,,13.90,1.9857,true,1,138591
7290108359985,false,סנו ז'אוול קצף ניקוי,קריות זול,,סנו ז'אוול קצף ניקוי,מיליליטרים,1000.00,"100 מ""ל",false,,19.90,1.9900,true,1,139140
7290108501346,false,גבינת גאודה מגורדת 2,,,גבינת גאודה מגורדת 2,גרמים,500.00,100 גרם,false,,25.90,5.1800,true,1,96715
7290108501360,false,גבינת צדר בשלה 200גר,,,גבינת צדר בשלה 200גר,גרמים,200.00,100 גרם,false,,19.90,9.9500,true,1,97105
7290108501490,false,גבינת מוצרלה פרוסות,,,גבינת מוצרלה פרוסות,גרמים,150.00,100 גרם,false,,13.90,9.2667,true,1,98236
7290108502305,false,גבינה גרנה פדנו משול,,,גבינה גרנה פדנו משול,גרמים,150.00,100 גרם,false,,21.90,14.6000,true,1,98821
7290108502862,false,מלפפון כבוש במלח 600,,,מלפפון כבוש במלח 600,גרמים,600.00,100 גרם,false,,9.90,1.6500,true,1,107373
7290108503067,false,פרמזנו משולש 150 גרם,,,פרמזנו משולש 150 גרם,גרמים,150.00,100 גרם,false,,15.90,10.6000,true,1,98824
7290108503159,false,גבינה כחולה עם עובש,,,גבינה כחולה עם עובש,גרמים,100.00,100 גרם,false,,15.90,15.9000,true,1,98825
7290108503999,false,פרוסות גבינה 150ג בט,,,פרוסות גבינה 150ג בט,גרמים,150.00,100 גרם,false,,9.90,6.6000,true,1,129121
7290108504002,false,פרוסות גבינה לייט150,,,פרוסות גבינה לייט150,גרמים,150.00,100 גרם,false,,9.90,6.6000,true,1,129122
7290108504279,false,קשקבל צ'אנק יורו ציז,,,קשקבל צ'אנק יורו ציז,גרמים,150.00,100 גרם,false,,15.90,10.6000,true,1,100812
7290108504286,false,איבריקו צ'אנק יורו צ,,,איבריקו צ'אנק יורו צ,גרמים,150.00,100 גרם,false,,15.90,10.6000,true,1,100813
7290108504293,false,מנצ'גו צ'אנק יורו צי,,,מנצ'גו צ'אנק יורו צי,גרמים,150.00,100 גרם,false,,15.90,10.6000,true,1,100814
7290108505153,false,יוגורט בטעם טבעי 10%,,,יוגורט בטעם טבעי 10%,גרמים,150.00,100 גרם,false,,5.90,3.9333,true,1,120515
7290108505160,false,יוגורט עם אגסים 4% ש,,,יוגורט עם אגסים 4% ש,גרמים,150.00,100 גרם,false,,5.90,3.9333,true,1,120517
7290108505184,false,יוגורט עם קוקוס 5% ש,,,יוגורט עם קוקוס 5% ש,גרמים,150.00,100 גרם,false,,5.90,3.9333,true,1,120523
7290108505191,false,יוגורט עם פצפוצי שוק,,,יוגורט עם פצפוצי שוק,גרמים,150.00,100 גרם,false,,5.90,3.9333,true,1,120524
7290108505207,false,יוגורט עם אוכמניות 0,,,יוגורט עם אוכמניות 0,גרמים,150.00,100 גרם,false,,5.90,3.9333,true,1,120516
7290108505375,false,צהובה פרוסות 400 גרם,,,צהובה פרוסות 400 גרם,גרמים,400.00,100 גרם,false,,19.90,4.9750,true,1,112070
7290108505719,false,גבינת מוצרלה מגורדת,,,גבינת מוצרלה מגורדת,גרמים,200.00,100 גרם,false,,14.90,7.4500,true,1,120511
7290108505726,false,אצבעות גבינה חצי קשה,,,אצבעות גבינה חצי קשה,גרמים,200.00,100 גרם,false,,14.90,7.4500,true,1,120509
7290108505733,false,צמות גבינה חצי קשה 2,,,צמות גבינה חצי קשה 2,גרמים,200.00,100 גרם,false,,14.90,7.4500,true,1,120508
7290108505740,false,גבינת קשקבל חצי קשה,,,גבינת קשקבל חצי קשה,גרמים,200.00,100 גרם,false,,14.90,7.4500,true,1,120510
7290108506495,false,פינוקים כנאפה קפוא 1,,,פינוקים כנאפה קפוא 1,גרמים,192.50,100 גרם,false,,13.90,7.2208,true,1,120223
7290108506501,false,אצבעות בצק פילו במיל,,,אצבעות בצק פילו במיל,גרמים,500.00,100 גרם,false,,15.90,3.1800,true,1,139095
7290108506624,false,גבינת עיזים צ'אנק 15,,,גבינת עיזים צ'אנק 15,גרמים,150.00,100 גרם,false,,15.90,10.6000,true,1,120742
7290108506709,false,גבינת פרמג'נו רג'אנו,,,גבינת פרמג'נו רג'אנו,גרמים,150.00,100 גרם,false,,24.90,16.6000,true,1,120512
7290108506969,false,מאפה בורקס מים תורכי,,,מאפה בורקס מים תורכי,גרמים,300.00,100 גרם,false,,10.90,3.6333,true,1,128268
7290108507010,false,מאפה בורקס מים תורכי,,,מאפה בורקס מים תורכי,גרמים,300.00,100 גרם,false,,10.90,3.6333,true,1,128269
7290108507058,false,ביסקויט פריך בשוקולד,,,ביסקויט פריך בשוקולד,גרמים,100.00,100 גרם,false,,6.90,6.9000,true,1,139101
7290108507645,false,ביסקוויט פריך בשוקול,,,ביסקוויט פריך בשוקול,גרמים,100.00,100 גרם,false,,6.90,6.9000,true,1,139102
7290108507652,false,ביסקויט פריך בשוקולד,,,ביסקויט פריך בשוקולד,גרמים,100.00,100 גרם,false,,6.90,6.9000,true,1,139103
7290108508451,false,משקה יוגורט טבעי 200,,,משקה יוגורט טבעי 200,מיליליטרים,293.00,"100 מ""ל",false,,5.90,2.0137,true,1,136249
7290108508475,false,משקה יוגורט עם תות ש,,,משקה יוגורט עם תות ש,מיליליטרים,293.00,"100 מ""ל",false,,5.90,2.0137,true,1,136251
7290108508499,false,איירן משקה יוגורט בס,,,איירן משקה יוגורט בס,מיליליטרים,293.00,"100 מ""ל",false,,5.90,2.0137,true,1,136248
7290108508963,false,גבינת קשקבל מגורדת ח,,,גבינת קשקבל מגורדת ח,גרמים,200.00,100 גרם,false,,14.90,7.4500,true,1,136253
7290108509137,false,גבינה בולגרית מעודנת,,,גבינה בולגרית מעודנת,גרמים,250.00,100 גרם,false,,12.90,5.1600,true,1,138704
7290108509267,false,ארוחת פסטה עם רוטב ע,,,ארוחת פסטה עם רוטב ע,גרמים,206.00,100 גרם,false,,9.90,4.8058,true,1,141134
7290108509731,false,איירן משקה יוגורט בס,,,איירן משקה יוגורט בס,מיליליטרים,1000.00,"100 מ""ל",false,,15.90,1.5900,true,1,138702
7290109351025,false,חומוסטחינה צבר 400גר,,,חומוסטחינה צבר 400גר,גרמים,400.00,100 גרם,false,,14.90,3.7250,true,1,75402
7290109352916,false,פריכיות שוקולד לבן פ,,,פריכיות שוקולד לבן פ,גרמים,84.00,100 גרם,false,,14.90,17.7381,true,1,89373
7290109354101,false,לחמית ללא גלוטן אסם,,,לחמית ללא גלוטן אסם,גרמים,200.00,100 גרם,false,,11.90,5.9500,true,1,93961
7290109358284,false,שניצל תירס עם חלבון,,,שניצל תירס עם חלבון,גרמים,664.00,100 גרם,false,,32.90,4.9548,true,1,94373
7290109358482,false,קרמוגית במילוי חלווה,קריות זול,,קרמוגית במילוי חלווה,גרמים,200.00,100 גרם,false,,12.70,6.3500,true,1,99207
7290109358765,false,"דגני קראנץ רולס בד""ץ",,,"דגני קראנץ רולס בד""ץ",גרמים,450.00,100 גרם,false,,27.90,6.2000,true,1,93192
7290109580043,false,"שניצל תירס 1.75ק""ג ז",,,"שניצל תירס 1.75ק""ג ז",גרמים,1750.00,100 גרם,false,,49.90,2.8514,true,1,128393
7290109580098,false,קבנוס בטעם סרירצ'ה ז,,,קבנוס בטעם סרירצ'ה ז,גרמים,135.00,100 גרם,false,,12.90,9.5556,true,1,138943
7290109580104,false,רוסטביף 150 גרם פרימ,,,רוסטביף 150 גרם פרימ,גרמים,150.00,100 גרם,false,,25.90,17.2667,true,1,135307
7290109580111,false,צלעות אסאדו מעושנות,,,צלעות אסאדו מעושנות,גרמים,120.00,100 גרם,false,,25.90,21.5833,true,1,138819
7290109580135,false,קורנדביף 180 גרם פרי,,,קורנדביף 180 גרם פרי,גרמים,180.00,100 גרם,false,,25.90,14.3889,true,1,135309
7290109580159,false,פסטרמה בנוסח טוסקנה,,,פסטרמה בנוסח טוסקנה,גרמים,180.00,100 גרם,false,,25.90,14.3889,true,1,135305
7290109580166,false,סרוולדקלאסי 150ג פרי,,,סרוולדקלאסי 150ג פרי,גרמים,150.00,100 גרם,false,,25.90,17.2667,true,1,135306
7290109580210,false,נקניקיות הצרפתיה ריי,,,נקניקיות הצרפתיה ריי,גרמים,300.00,100 גרם,false,,19.90,6.6333,true,1,138561
7290109580227,false,נקניקיות קאריוורסט ר,,,נקניקיות קאריוורסט ר,גרמים,300.00,100 גרם,false,,19.90,6.6333,true,1,138562
7290109580241,false,נאגטס מן הצומח 500גר,,,נאגטס מן הצומח 500גר,גרמים,500.00,100 גרם,false,,25.90,5.1800,true,1,140075
7290109580432,false,פסטרמה בדחזה הודו מע,,,פסטרמה בדחזה הודו מע,גרמים,120.00,100 גרם,false,,14.90,12.4167,true,1,140073
7290109920146,false,דורגול מסיר אבנית 75,,,דורגול מסיר אבנית 75,מיליליטרים,750.00,"100 מ""ל",false,,20.90,2.7867,true,1,89452
7290109920313,false,אסטוניש מרסס מבריק ש,,,אסטוניש מרסס מבריק ש,מיליליטרים,750.00,"100 מ""ל",false,,15.90,2.1200,true,1,95083
7290109920849,false,אסטוניש תפוז לניקוי,,,אסטוניש תפוז לניקוי,מיליליטרים,750.00,"100 מ""ל",false,,15.90,2.1200,true,1,95088
7290109920917,false,ג'ל ניקוי האסלה הפי,,,ג'ל ניקוי האסלה הפי,מיליליטרים,750.00,"100 מ""ל",false,,10.90,1.4533,true,1,98155
7290109921129,false,הפי מרכך כביסה סופר,,,הפי מרכך כביסה סופר,מיליליטרים,1000.00,"100 מ""ל",false,,10.90,1.0900,true,1,97823
7290109923048,false,אסטוניש מרסס פרמיום,,,אסטוניש מרסס פרמיום,מיליליטרים,750.00,"100 מ""ל",false,,15.90,2.1200,true,1,139161
7290109923109,false,הפי סבון אסלה 5 צדפו,,,הפי סבון אסלה 5 צדפו,יחידה,0.00,יחידה,false,,12.90,0.0000,true,1,139825
7290109923147,false,אסטוניש מרסס פלא של,,,אסטוניש מרסס פלא של,מיליליטרים,750.00,"100 מ""ל",false,,15.90,2.1200,true,1,139824
7290110110277,false,סיידר סומרסבי רביעיי,,,סיידר סומרסבי רביעיי,מיליליטרים,1320.00,"100 מ""ל",false,,37.90,2.8712,true,1,101893
7290110110369,false,בירה קרלסברג לומה בק,קריות זול,,בירה קרלסברג לומה בק,מיליליטרים,1980.00,"100 מ""ל",false,,37.90,1.9141,true,1,127028
7290110110574,false,קוקה קולה סליק זירו,,,קוקה קולה סליק זירו,מיליליטרים,330.00,"100 מ""ל",false,,6.70,2.0303,true,1,97563
7290110110703,false,ספרייט מארז פחיות 6*,,,ספרייט מארז פחיות 6*,מיליליטרים,1980.00,"100 מ""ל",false,,29.90,1.5101,true,1,96718
7290110111809,false,פאנטה אורנג' פחיות ש,,,פאנטה אורנג' פחיות ש,מיליליטרים,1980.00,"100 מ""ל",false,,29.90,1.5101,true,1,100300
7290110114787,false,נביעות+ תפוח 1.5ליטר,,,נביעות+ תפוח 1.5ליטר,מיליליטרים,1500.00,"100 מ""ל",false,,9.90,0.6600,true,1,138405
7290110114794,false,נביעות+ אפרסק 1.5ליט,,,נביעות+ אפרסק 1.5ליט,מיליליטרים,1500.00,"100 מ""ל",false,,9.90,0.6600,true,1,138406
7290110114800,false,נביעות+ ענבים 1.5ליט,,,נביעות+ ענבים 1.5ליט,מיליליטרים,1500.00,"100 מ""ל",false,,9.90,0.6600,true,1,138407
7290110114855,false,נביעות שישייה 6*1.5ל,קריות זול,,נביעות שישייה 6*1.5ל,מיליליטרים,9000.00,"100 מ""ל",false,,14.70,0.1633,true,1,138276
7290110114893,false,סחוט תפוז 2ליטר,,,סחוט תפוז 2ליטר,מיליליטרים,2000.00,"100 מ""ל",false,,29.90,1.4950,true,1,138270
7290110114909,false,סחוט תפוח צלול 2ליטר,,,סחוט תפוח צלול 2ליטר,מיליליטרים,2000.00,"100 מ""ל",false,,29.90,1.4950,true,1,138271
7290110114954,false,סחוט 2ליטר מתקתק 100,,,סחוט 2ליטר מתקתק 100,מיליליטרים,2000.00,"100 מ""ל",false,,24.90,1.2450,true,1,138273
7290110114961,false,משקה קל בטעם תפוזים,,,משקה קל בטעם תפוזים,מיליליטרים,1500.00,"100 מ""ל",false,,9.90,0.6600,true,1,138412
7290110114985,false,משקה קל בטעם אשכוליו,,,משקה קל בטעם אשכוליו,מיליליטרים,1500.00,"100 מ""ל",false,,9.90,0.6600,true,1,138414
7290110114992,false,פריגת אשכולית לייט 1,,,פריגת אשכולית לייט 1,מיליליטרים,1500.00,"100 מ""ל",false,,9.90,0.6600,true,1,138415
7290110115005,false,משקה קל בטעם ענבים פ,,,משקה קל בטעם ענבים פ,מיליליטרים,1500.00,"100 מ""ל",false,,9.90,0.6600,true,1,138416
7290110115029,false,פריגת משקה קל תפוחים,,,פריגת משקה קל תפוחים,מיליליטרים,1500.00,"100 מ""ל",false,,9.90,0.6600,true,1,138418
7290110115036,false,פריגת משקה קל מנגו,,,פריגת משקה קל מנגו,מיליליטרים,1500.00,"100 מ""ל",false,,9.90,0.6600,true,1,138419
7290110115043,false,משקה קל בטעם לימונענ,,,משקה קל בטעם לימונענ,מיליליטרים,1500.00,"100 מ""ל",false,,9.90,0.6600,true,1,138420
7290110115050,false,פריגת משקה קל תות-בנ,,,פריגת משקה קל תות-בנ,מיליליטרים,1500.00,"100 מ""ל",false,,9.90,0.6600,true,1,138421
7290110115081,false,פריגת צלול ענבים 1.5,,,פריגת צלול ענבים 1.5,מיליליטרים,1500.00,"100 מ""ל",false,,9.90,0.6600,true,1,138425
7290110115104,false,פריגת צלול אפרסק 1.5,,,פריגת צלול אפרסק 1.5,מיליליטרים,1500.00,"100 מ""ל",false,,9.90,0.6600,true,1,138427
7290110115111,false,פריגת צלול אננס 1.5,,,פריגת צלול אננס 1.5,מיליליטרים,1500.00,"100 מ""ל",false,,9.90,0.6600,true,1,138429
7290110115128,false,פריגת צלול בטעם לימו,,,פריגת צלול בטעם לימו,מיליליטרים,1500.00,"100 מ""ל",false,,9.90,0.6600,true,1,138430
7290110115180,false,נביעות 1.5 ליטר,,,נביעות 1.5 ליטר,מיליליטרים,1500.00,"100 מ""ל",false,,2.90,0.1933,true,1,138509
7290110115203,false,קוקה קולה 1.5 ליטר,,,קוקה קולה 1.5 ליטר,מיליליטרים,1500.00,"100 מ""ל",false,,8.90,0.5933,true,1,138282
7290110115210,false,קוקה קולה דיאט 1.5לי,,,קוקה קולה דיאט 1.5לי,מיליליטרים,1500.00,"100 מ""ל",false,,8.90,0.5933,true,1,138283
7290110115227,false,קוקה קולה זירו בקבוק,,,קוקה קולה זירו בקבוק,מיליליטרים,1500.00,"100 מ""ל",false,,8.90,0.5933,true,1,138284
7290110115234,false,קוקה קולה זירו נטול,,,קוקה קולה זירו נטול,מיליליטרים,1500.00,"100 מ""ל",false,,8.90,0.5933,true,1,138285
7290110115241,false,קוקה קולה זירו לימון,,,קוקה קולה זירו לימון,מיליליטרים,1500.00,"100 מ""ל",false,,8.90,0.5933,true,1,138286
7290110115265,false,ספרייט ליים 1.5ליטר,,,ספרייט ליים 1.5ליטר,מיליליטרים,1500.00,"100 מ""ל",false,,8.90,0.5933,true,1,138381
7290110115272,false,ספרייט זירו 1.5ליטר,,,ספרייט זירו 1.5ליטר,מיליליטרים,1500.00,"100 מ""ל",false,,8.90,0.5933,true,1,138382
7290110115289,false,ספרייט 19 קלוריות לי,,,ספרייט 19 קלוריות לי,מיליליטרים,1500.00,"100 מ""ל",false,,8.90,0.5933,true,1,138383
7290110115296,false,פאנטה אורנג 1.5ליטר,,,פאנטה אורנג 1.5ליטר,מיליליטרים,1500.00,"100 מ""ל",false,,8.90,0.5933,true,1,138431
7290110115302,false,פאנטה זירו אורנג 1.5,,,פאנטה זירו אורנג 1.5,מיליליטרים,1500.00,"100 מ""ל",false,,8.90,0.5933,true,1,138432
7290110115319,false,פאנטה אקזוטיק 1.5ליט,,,פאנטה אקזוטיק 1.5ליט,מיליליטרים,1500.00,"100 מ""ל",false,,8.90,0.5933,true,1,138435
7290110115326,false,פאנטה אורנג מנגו 1.5,,,פאנטה אורנג מנגו 1.5,מיליליטרים,1500.00,"100 מ""ל",false,,8.90,0.5933,true,1,138436
7290110115333,false,פאנטה תות 1.5ליטר,,,פאנטה תות 1.5ליטר,מיליליטרים,1500.00,"100 מ""ל",false,,8.90,0.5933,true,1,138437
7290110115340,false,פאנטה ענבים 1.5ליטר,,,פאנטה ענבים 1.5ליטר,מיליליטרים,1500.00,"100 מ""ל",false,,8.90,0.5933,true,1,138438
7290110115357,false,קינלי סודה 1.5ליטר,קריות זול,,קינלי סודה 1.5ליטר,מיליליטרים,1500.00,"100 מ""ל",false,,4.60,0.3067,true,1,138385
7290110115364,false,קוקה קולה שישייה 6*1,,,קוקה קולה שישייה 6*1,מיליליטרים,9000.00,"100 מ""ל",false,,52.90,0.5878,true,1,138288
7290110115371,false,קוקה קולה דיאט שישיי,,,קוקה קולה דיאט שישיי,מיליליטרים,9000.00,"100 מ""ל",false,,52.90,0.5878,true,1,138289
7290110115388,false,ספרייט ליים שישייה 6,,,ספרייט ליים שישייה 6,מיליליטרים,9000.00,"100 מ""ל",false,,52.90,0.5878,true,1,138433
7290110115395,false,ספרייט זירו שישייה 6,,,ספרייט זירו שישייה 6,מיליליטרים,9000.00,"100 מ""ל",false,,52.90,0.5878,true,1,138434
7290110115401,false,קינלי סודה מארז שישי,,,קינלי סודה מארז שישי,מיליליטרים,9000.00,"100 מ""ל",false,,21.70,0.2411,true,1,138440
7290110115418,false,קוקה קולה זירו שישיי,,,קוקה קולה זירו שישיי,מיליליטרים,9000.00,"100 מ""ל",false,,52.90,0.5878,true,1,138379
7290110115425,false,פיוז טי גרין לימון נ,,,פיוז טי גרין לימון נ,מיליליטרים,1500.00,"100 מ""ל",false,,10.90,0.7267,true,1,138386
7290110115449,false,פיוז טי מנגו אננס 1.,,,פיוז טי מנגו אננס 1.,מיליליטרים,1500.00,"100 מ""ל",false,,10.90,0.7267,true,1,138389
7290110115456,false,פיוז טי אפרסק 19קלור,,,פיוז טי אפרסק 19קלור,מיליליטרים,1500.00,"100 מ""ל",false,,10.90,0.7267,true,1,138390
7290110115463,false,פיוז טי אפרסק 1.5ליט,,,פיוז טי אפרסק 1.5ליט,מיליליטרים,1500.00,"100 מ""ל",false,,10.90,0.7267,true,1,138391
7290110115494,false,פיוז טי ענבים 1.5ליט,,,פיוז טי ענבים 1.5ליט,מיליליטרים,1500.00,"100 מ""ל",false,,10.90,0.7267,true,1,138393
7290110115531,false,פאנטה זירו תפוח 1.5ל,,,פאנטה זירו תפוח 1.5ל,מיליליטרים,1500.00,"100 מ""ל",false,,8.90,0.5933,true,1,138439
7290110115586,false,פריגת תפוזים 40% פחו,,,פריגת תפוזים 40% פחו,מיליליטרים,1500.00,"100 מ""ל",false,,9.90,0.6600,true,1,138182
7290110115593,false,פריגת אשכולית 40% פח,,,פריגת אשכולית 40% פח,מיליליטרים,1500.00,"100 מ""ל",false,,9.90,0.6600,true,1,138424
7290110115616,false,פיוז טי זירו גרין אנ,,,פיוז טי זירו גרין אנ,מיליליטרים,1500.00,"100 מ""ל",false,,10.90,0.7267,true,1,138396
7290110115623,false,פיוז טי זירו אפרסק 1,,,פיוז טי זירו אפרסק 1,מיליליטרים,1500.00,"100 מ""ל",false,,10.90,0.7267,true,1,138397
7290110115777,false,נביעות 1.5 ליטר,,,נביעות 1.5 ליטר,מיליליטרים,1500.00,"100 מ""ל",false,,2.90,0.1933,true,1,138510
7290110115821,false,ספרייט ליים 1.5ליטר,,,ספרייט ליים 1.5ליטר,מיליליטרים,1500.00,"100 מ""ל",false,,8.90,0.5933,true,1,138535
7290110115838,false,ספרייט זירו 1.5ליטר,,,ספרייט זירו 1.5ליטר,מיליליטרים,1500.00,"100 מ""ל",false,,8.90,0.5933,true,1,138536
7290110115845,false,קוקה קולה 1.5 ליטר,,,קוקה קולה 1.5 ליטר,מיליליטרים,1500.00,"100 מ""ל",false,,8.90,0.5933,true,1,138505
7290110115852,false,קוקה קולה דיאט 1.5לי,,,קוקה קולה דיאט 1.5לי,מיליליטרים,1500.00,"100 מ""ל",false,,8.90,0.5933,true,1,138532
7290110115869,false,קוקה קולה זירו בקבוק,,,קוקה קולה זירו בקבוק,מיליליטרים,1500.00,"100 מ""ל",false,,8.90,0.5933,true,1,138506
7290110115876,false,קינלי סודה 1.5ליטר,קריות זול,,קינלי סודה 1.5ליטר,מיליליטרים,1500.00,"100 מ""ל",false,,4.60,0.3067,true,1,138537
7290110115968,false,קוקה קולה 1ליטר,,,קוקה קולה 1ליטר,מיליליטרים,1000.00,"100 מ""ל",false,,7.50,0.7500,true,1,139138
7290110115975,false,קוקה קולה זירו 1ליטר,,,קוקה קולה זירו 1ליטר,מיליליטרים,1000.00,"100 מ""ל",false,,7.50,0.7500,true,1,139144
7290110116064,false,פאנטה זירו פירות ירו,,,פאנטה זירו פירות ירו,מיליליטרים,1500.00,"100 מ""ל",false,,8.90,0.5933,true,1,140071
7290110116194,false,נביעות+לימון ליים 0,,,נביעות+לימון ליים 0,מיליליטרים,1500.00,"100 מ""ל",false,,10.90,0.7267,true,1,140727
7290110116217,false,נביעות+אשכולית 0 קלו,,,נביעות+אשכולית 0 קלו,מיליליטרים,1500.00,"100 מ""ל",false,,10.90,0.7267,true,1,140728
7290110320591,false,בולגרית 16% במרקם מע,,,בולגרית 16% במרקם מע,גרמים,250.00,100 גרם,false,,23.70,9.4800,true,1,93087
7290110320850,false,פתיתי עמק 200גר,,,פתיתי עמק 200גר,גרמים,200.00,100 גרם,false,,15.80,7.9000,true,1,94930
7290110320867,false,פתיתי עמק גבינה צהוב,,,פתיתי עמק גבינה צהוב,גרמים,500.00,100 גרם,false,,35.70,7.1400,true,1,95973
7290110320935,false,פרוסות מוצרלה 150גר,,,פרוסות מוצרלה 150גר,גרמים,200.00,100 גרם,false,,16.90,8.4500,true,1,94687
7290110321277,false,קוטג בקטנה 5% מהדרין,קריות זול,,קוטג בקטנה 5% מהדרין,גרמים,100.00,100 גרם,false,,2.90,2.9000,true,1,95927
7290110321680,false,יופלה GO תות 200 גרם,,,יופלה GO תות 200 גרם,גרמים,200.00,100 גרם,false,,5.90,2.9500,true,1,96127
7290110321697,false,יופלה GO אפרסק 200 ג,,,יופלה GO אפרסק 200 ג,גרמים,200.00,100 גרם,false,,5.90,2.9500,true,1,96128
7290110321703,false,יופלה גו פירות יער 2,,,יופלה גו פירות יער 2,מיליליטרים,200.00,"100 מ""ל",false,,5.90,2.9500,true,1,97751
7290110322014,false,טופו טבעי 300 גרם,,,טופו טבעי 300 גרם,גרמים,300.00,100 גרם,false,,12.60,4.2000,true,1,97752
7290110322021,false,טופו בזיליקום 300 גר,,,טופו בזיליקום 300 גר,גרמים,300.00,100 גרם,false,,12.60,4.2000,true,1,97753
7290110322038,false,טופו פיקנטי 300 גרם,,,טופו פיקנטי 300 גרם,גרמים,300.00,100 גרם,false,,12.60,4.2000,true,1,97754
7290110322946,false,יופלה טיוב יוגורט במ,,,יופלה טיוב יוגורט במ,גרמים,348.00,100 גרם,false,,12.50,3.5920,true,1,98727
7290110323073,false,משקה יוגורט מועשר בח,,,משקה יוגורט מועשר בח,מיליליטרים,250.00,"100 מ""ל",false,,6.50,2.6000,true,1,98352
7290110323301,false,גבינת טל העמק 32% שו,,IL,גבינת טל העמק 32% שו,גרמים,200.00,100 גרם,false,,18.90,9.4500,true,1,99492
7290110323585,false,יופלה GO יוגורט עם ד,,,יופלה GO יוגורט עם ד,גרמים,200.00,100 גרם,false,,5.80,2.9000,true,1,98978
7290110323592,false,יופלה GO יוגורט עם א,,,יופלה GO יוגורט עם א,גרמים,200.00,100 גרם,false,,5.80,2.9000,true,1,98979
7290110323714,false,משקה קוקוס שקדים 1 ל,,IL,משקה קוקוס שקדים 1 ל,מיליליטרים,1000.00,"100 מ""ל",false,,12.70,1.2700,true,1,99486
7290110324353,false,יופלה GO לייט בטעם א,,,יופלה GO לייט בטעם א,גרמים,200.00,100 גרם,false,,5.90,2.9500,true,1,100152
7290110324711,false,ממרח סויה 9% בטעם טב,קריות זול,,ממרח סויה 9% בטעם טב,גרמים,250.00,100 גרם,false,,8.90,3.5600,true,1,100774
7290110324841,false,מעדן שקדים עם שוקולד,קריות זול,,מעדן שקדים עם שוקולד,גרמים,125.00,100 גרם,false,,4.40,3.5200,true,1,107065
7290110324858,false,מעדן שקדים בטעם אגוז,קריות זול,,מעדן שקדים בטעם אגוז,גרמים,125.00,100 גרם,false,,4.40,3.5200,true,1,107066
7290110324872,false,גבינה גלבוע 200גר 5%,,,גבינה גלבוע 200גר 5%,גרמים,200.00,100 גרם,false,,18.70,9.3500,true,1,107061
7290110324926,false,משקה סויה ללא תוספת,,,משקה סויה ללא תוספת,מיליליטרים,1000.00,"100 מ""ל",false,,10.90,1.0900,true,1,106815
7290110325114,false,משקה יוגורט גו לייט,,,משקה יוגורט גו לייט,מיליליטרים,250.00,"100 מ""ל",false,,6.50,2.6000,true,1,102899
7290110325312,false,מעדן סויה גו בטעם תו,,,מעדן סויה גו בטעם תו,מיליליטרים,200.00,"100 מ""ל",false,,5.80,2.9000,true,1,107067
7290110325619,false,משקה שיבולת שועל 1 ל,,IL,משקה שיבולת שועל 1 ל,מיליליטרים,1000.00,"100 מ""ל",false,,12.70,1.2700,true,1,112266
7290110325701,false,פיראוס צזיקי יווני 9,,,פיראוס צזיקי יווני 9,גרמים,250.00,100 גרם,false,,12.90,5.1600,true,1,112767
7290110325893,false,משקה חלב גו אייס קפה,קריות זול,,משקה חלב גו אייס קפה,מיליליטרים,340.00,"100 מ""ל",false,,8.30,2.4412,true,1,112264
7290110326210,false,יופלה און טופ פצפוצי,,,יופלה און טופ פצפוצי,גרמים,157.00,100 גרם,false,,4.90,3.1210,true,1,120041
7290110326234,false,יופלה און טופ כוכבים,,,יופלה און טופ כוכבים,גרמים,157.00,100 גרם,false,,4.90,3.1210,true,1,120043
7290110326241,false,יופלה און טופ גרנולה,,,יופלה און טופ גרנולה,מיליליטרים,157.00,"100 מ""ל",false,,4.90,3.1210,true,1,120044
7290110326333,false,פרוסות גבינה סקנדינב,,,פרוסות גבינה סקנדינב,גרמים,170.00,100 גרם,false,,18.80,11.0588,true,1,128204
7290110327033,false,משקה סויה תנובה גו ח,,IL,משקה סויה תנובה גו ח,מיליליטרים,1000.00,"100 מ""ל",false,,12.70,1.2700,true,1,127848
7290110327316,false,גבינה לבנה 5% בתוספת,,,גבינה לבנה 5% בתוספת,גרמים,139.00,100 גרם,false,,5.40,3.8849,true,1,136601
7290110327514,false,משקה שיבולת שועל בטע,,IL,משקה שיבולת שועל בטע,מיליליטרים,1000.00,"100 מ""ל",false,,12.70,1.2700,true,1,136991
7290110327811,false,חטיף חלבון גו בטעם ק,,,חטיף חלבון גו בטעם ק,יחידה,0.00,יחידה,false,,12.90,0.0000,true,1,136687
7290110328092,false,פיראוס פטה יוונית קו,,,פיראוס פטה יוונית קו,גרמים,150.00,100 גרם,false,,19.70,13.1333,true,1,136615
7290110328610,false,משקה אורז ושקדים ברי,,IL,משקה אורז ושקדים ברי,מיליליטרים,1000.00,"100 מ""ל",false,,12.70,1.2700,true,1,139814
7290110328627,false,יוגורט גו סמיך 0% בנ,,IL,יוגורט גו סמיך 0% בנ,גרמים,200.00,100 גרם,false,,5.90,2.9500,true,1,136604
7290110328641,false,טופו טבעי מארז 2*250,,,טופו טבעי מארז 2*250,גרמים,500.00,100 גרם,false,,20.90,4.1800,true,1,137094
7290110328764,false,יוגורט גו סמיך 0% תו,,IL,יוגורט גו סמיך 0% תו,גרמים,200.00,100 גרם,false,,5.90,2.9500,true,1,136605
7290110328788,false,יוגורט גו סמיך 0% אפ,,IL,יוגורט גו סמיך 0% אפ,גרמים,200.00,100 גרם,false,,5.90,2.9500,true,1,136603
7290110329266,false,יוגורט תנובה מחלב עי,קריות זול,,יוגורט תנובה מחלב עי,מיליליטרים,140.00,"100 מ""ל",false,,6.30,4.5000,true,1,136989
7290110329273,false,יוגורט תנובה מחלב עי,,,יוגורט תנובה מחלב עי,מיליליטרים,750.00,"100 מ""ל",false,,21.30,2.8400,true,1,136990
7290110329303,false,פרוסות בטעם גבינה צה,,,פרוסות בטעם גבינה צה,גרמים,200.00,100 גרם,false,,21.90,10.9500,true,1,136993
7290110329426,false,טופו טבעי עם רוטב קר,,,טופו טבעי עם רוטב קר,גרמים,250.00,100 גרם,false,,14.90,5.9600,true,1,139815
7290110329433,false,טופו טבעי עם רוטב סצ,,,טופו טבעי עם רוטב סצ,גרמים,250.00,100 גרם,false,,14.90,5.9600,true,1,139816
7290110329686,false,משקה חלב גו בטעם עוג,,,משקה חלב גו בטעם עוג,מיליליטרים,340.00,"100 מ""ל",false,,8.30,2.4412,true,1,138052
7290110329716,false,משקה קפה קר בטעם קפו,,,משקה קפה קר בטעם קפו,מיליליטרים,230.00,"100 מ""ל",false,,7.90,3.4348,true,1,139708
7290110329723,false,משקה קפה קר בטעם לאט,,,משקה קפה קר בטעם לאט,מיליליטרים,230.00,"100 מ""ל",false,,7.90,3.4348,true,1,139709
7290110329730,false,משקה חלב עם שוקולד ו,,,משקה חלב עם שוקולד ו,מיליליטרים,230.00,"100 מ""ל",false,,7.90,3.4348,true,1,139710
7290110329792,false,סויה ביו אפרסק 150 ג,,,סויה ביו אפרסק 150 ג,גרמים,150.00,100 גרם,false,,4.80,3.2000,true,1,138586
7290110329808,false,סויה ביו תות 150 ג א,,,סויה ביו תות 150 ג א,גרמים,150.00,100 גרם,false,,4.80,3.2000,true,1,138587
7290110329815,false,סויה ביו מתיקות מעוד,,,סויה ביו מתיקות מעוד,גרמים,150.00,100 גרם,false,,4.80,3.2000,true,1,138583
7290110329822,false,סויה ביו פירות יער ג,,,סויה ביו פירות יער ג,גרמים,150.00,100 גרם,false,,4.80,3.2000,true,1,138584
7290110329846,false,סויה ביו טבעי 150 גר,,,סויה ביו טבעי 150 גר,גרמים,150.00,100 גרם,false,,4.80,3.2000,true,1,138588
7290110550363,false,אנרג'י פריכיות משולש,,,אנרג'י פריכיות משולש,גרמים,65.00,100 גרם,false,,10.90,16.7692,true,1,138750
7290110552121,false,היוגורט הראשון שלי 1,,,היוגורט הראשון שלי 1,גרמים,100.00,100 גרם,false,,2.70,2.7000,true,1,139749
7290110552220,false,דנונה פרו 20 גרם חלב,,,דנונה פרו 20 גרם חלב,גרמים,200.00,100 גרם,false,,6.40,3.2000,true,1,138545
7290110552237,false,דנונה פרו 20 גרם חלב,,,דנונה פרו 20 גרם חלב,גרמים,200.00,100 גרם,false,,6.40,3.2000,true,1,138543
7290110553098,false,אנרג'י מיקס צימוקים,,,אנרג'י מיקס צימוקים,גרמים,100.00,100 גרם,false,,17.90,17.9000,true,1,140429
7290110553173,false,פריכיות אנרגי בטעם כ,,,פריכיות אנרגי בטעם כ,גרמים,40.00,100 גרם,false,,6.90,17.2500,true,1,140764
7290110553180,false,פריכיות אנרגי בטעם ת,,,פריכיות אנרגי בטעם ת,גרמים,40.00,100 גרם,false,,6.90,17.2500,true,1,140765
7290110553623,false,ציטוס קראנץ צ'דר חלפ,,,ציטוס קראנץ צ'דר חלפ,גרמים,80.00,100 גרם,false,,4.90,6.1250,true,1,140175
7290110554125,false,נודלס סצ'ואן חריף 35,,,נודלס סצ'ואן חריף 35,גרמים,350.00,100 גרם,false,,28.90,8.2571,true,1,141269
7290110554545,false,קפסולות אספרסו לאפוג,,,קפסולות אספרסו לאפוג,גרמים,50.00,100 גרם,false,,18.90,37.8000,true,1,140107
7290110554583,false,ציטוס פאפס בטעם גבינ,,,ציטוס פאפס בטעם גבינ,גרמים,200.00,100 גרם,false,,12.90,6.4500,true,1,138486
7290110554699,false,קפסולות נספרסו לקפה,,,קפסולות נספרסו לקפה,גרמים,50.00,100 גרם,false,,22.90,45.8000,true,1,141046
7290110554705,false,קפסולות נספרסו לקפה,,,קפסולות נספרסו לקפה,גרמים,50.00,100 גרם,false,,22.90,45.8000,true,1,141047
7290110554712,false,קפסולות נספרסו לקפה,,,קפסולות נספרסו לקפה,גרמים,50.00,100 גרם,false,,22.90,45.8000,true,1,141048
7290110556242,false,שוקולד מריר פרווה בד,קריות זול,,שוקולד מריר פרווה בד,גרמים,100.00,100 גרם,false,,5.90,5.9000,true,1,140766
7290110557102,false,מעדן חלב עם שוקולד 1,,,מעדן חלב עם שוקולד 1,גרמים,150.00,100 גרם,false,,5.50,3.6667,true,1,137446
7290110557133,false,מעדן הגולן וניל 125,קריות זול,,מעדן הגולן וניל 125,גרמים,125.00,100 גרם,false,,3.10,2.4800,true,1,137992
7290110557317,false,היוגורט הראשון שלי ש,,,היוגורט הראשון שלי ש,גרמים,100.00,100 גרם,false,,2.70,2.7000,true,1,139750
7290110557478,false,אחלה חומוס גלילי 600,,,אחלה חומוס גלילי 600,גרמים,600.00,100 גרם,false,,12.90,2.1500,true,1,139574
7290110558284,false,דנונה ביו מולטי 200,,,דנונה ביו מולטי 200,מיליליטרים,200.00,"100 מ""ל",false,,4.50,2.2500,true,1,140301
7290110558314,false,דנונה פרו 20 גרם חלב,,,דנונה פרו 20 גרם חלב,גרמים,200.00,100 גרם,false,,6.40,3.2000,true,1,140385
7290110559007,false,שעועית חומה 380ג טעם,,,שעועית חומה 380ג טעם,גרמים,380.00,100 גרם,false,,6.90,1.8158,true,1,140433
7290110559014,false,שעועית שחורה 380 גרם,,,שעועית שחורה 380 גרם,גרמים,380.00,100 גרם,false,,6.90,1.8158,true,1,140434
7290110559748,false,ריל מאגדת שקדים קוקו,,,ריל מאגדת שקדים קוקו,גרמים,105.00,100 גרם,false,,17.90,17.0476,true,1,140362
7290110559755,false,ריל מאגדת בוטנים פיס,,,ריל מאגדת בוטנים פיס,גרמים,105.00,100 גרם,false,,17.90,17.0476,true,1,140360
7290110559762,false,ריל מאגדת אגוזים תמר,,,ריל מאגדת אגוזים תמר,גרמים,105.00,100 גרם,false,,17.90,17.0476,true,1,140361
7290110560324,false,פריכיות משולשות-אפונ,,,פריכיות משולשות-אפונ,גרמים,30.00,100 גרם,false,,5.90,19.6667,true,1,99076
7290110561352,false,דנונה ביו דל לקטוז 2,,,דנונה ביו דל לקטוז 2,גרמים,200.00,100 גרם,false,,3.80,1.9000,true,1,97670
7290110561604,false,גמדים תות בננה מעורב,,,גמדים תות בננה מעורב,מיליליטרים,800.00,"100 מ""ל",false,,19.50,2.4375,true,1,96138
7290110563431,false,משקה קפה קר בסיגנון,,,משקה קפה קר בסיגנון,גרמים,230.00,100 גרם,false,,7.90,3.4348,true,1,99441
7290110563448,false,משקה קפה קר בסיגנון,,,משקה קפה קר בסיגנון,גרמים,230.00,100 גרם,false,,7.90,3.4348,true,1,99442
7290110563462,false,חלב 2% בבקבוק נטול ל,,,חלב 2% בבקבוק נטול ל,מיליליטרים,1000.00,"100 מ""ל",false,,8.90,0.8900,true,1,99784
7290110564339,false,חומוס אבי עשיר ב30%,,,חומוס אבי עשיר ב30%,גרמים,400.00,100 גרם,false,,13.90,3.4750,true,1,96144
7290110564360,false,חומוס אבי עשיר ב40%,,,חומוס אבי עשיר ב40%,גרמים,400.00,100 גרם,false,,13.90,3.4750,true,1,96145
7290110564414,false,חומוס עשיר ב 30% טחי,,,חומוס עשיר ב 30% טחי,גרמים,600.00,100 גרם,false,,15.90,2.6500,true,1,120446
7290110564919,false,דנונה מעודנת ללא סוכ,,,דנונה מעודנת ללא סוכ,גרמים,150.00,100 גרם,false,,3.90,2.6000,true,1,112307
7290110565527,false,דנונה פרו 20 גרם חלב,,,דנונה פרו 20 גרם חלב,גרמים,200.00,100 גרם,false,,6.40,3.2000,true,1,95282
7290110565572,false,קפה טורקי לדרך עם הל,,,קפה טורקי לדרך עם הל,גרמים,168.00,100 גרם,false,,19.90,11.8452,true,1,106777
7290110566623,false,קפסולות קולומביה מס,,,קפסולות קולומביה מס,יחידה,0.00,יחידה,false,,18.90,0.0000,true,1,97838
7290110566975,false,דנונה פרו 20 גרם חלב,,,דנונה פרו 20 גרם חלב,גרמים,200.00,100 גרם,false,,6.40,3.2000,true,1,97153
7290110568238,false,קצפת צמחית 21% שומן,,,קצפת צמחית 21% שומן,מיליליטרים,250.00,"100 מ""ל",false,,8.50,3.4000,true,1,97890
7290110568276,false,משקה יוטבתה פרו וניל,,,משקה יוטבתה פרו וניל,מיליליטרים,350.00,"100 מ""ל",false,,6.90,1.9714,true,1,97568
7290110571184,false,עדשים חומות 380 ג טע,,,עדשים חומות 380 ג טע,גרמים,380.00,100 גרם,false,,6.90,1.8158,true,1,140432
7290110571382,false,מעדן חלב בטעם וניל 1,,,מעדן חלב בטעם וניל 1,גרמים,150.00,100 גרם,false,,5.50,3.6667,true,1,139401
7290110571474,false,רבע לשבע טבעוני פופק,,,רבע לשבע טבעוני פופק,גרמים,125.00,100 גרם,false,,12.90,10.3200,true,1,140101
7290110572969,false,כיף כף פצפצים קרם לב,,,כיף כף פצפצים קרם לב,גרמים,40.00,100 גרם,false,,5.90,14.7500,true,1,140425
7290110576318,false,מארז שלישייה שוקולד,,,מארז שלישייה שוקולד,גרמים,300.00,100 גרם,false,,25.90,8.6333,true,1,140769
7290110576370,false,מארז שלישייה שוקולד,,,מארז שלישייה שוקולד,גרמים,300.00,100 גרם,false,,25.90,8.6333,true,1,140770
7290110576387,false,מארז שלישיית שוקולד,,,מארז שלישיית שוקולד,גרמים,300.00,100 גרם,false,,25.90,8.6333,true,1,140768
7290111010194,false,מגבוני תינוקות בייבי,,,מגבוני תינוקות בייבי,יחידה,0.00,יחידה,false,,11.90,0.0000,true,1,99961
7290111010200,false,תיק רב סל,,,תיק רב סל,יחידה,0.00,יחידה,false,,2.90,0.0000,true,1,99757
7290111010248,false,"שמן זית בורגתא 750מ""",,,"שמן זית בורגתא 750מ""",מיליליטרים,750.00,"100 מ""ל",false,,29.90,3.9867,true,1,100854
7290111010262,false,מגבות נייר פייפר טאו,,,מגבות נייר פייפר טאו,יחידה,0.00,יחידה,false,,11.90,0.0000,true,1,106902
7290111010279,false,מגבונים לניקוי כללי,,,מגבונים לניקוי כללי,יחידה,0.00,יחידה,false,,10.00,0.0000,true,1,107693
7290111010293,false,נייר טואלט טוטו 48 ג,,,נייר טואלט טוטו 48 ג,יח',48.00,יח',false,,33.90,0.7062,true,1,112467
7290111010323,false,פפריקה מתוקה בשמן סו,,,פפריקה מתוקה בשמן סו,גרמים,400.00,100 גרם,false,,18.90,4.7250,true,1,113060
7290111010439,false,יין פרינס רויאל גוור,,,יין פרינס רויאל גוור,מיליליטרים,750.00,"100 מ""ל",false,,39.90,5.3200,true,1,129119
7290111010491,false,אקונומיקה 4 ליטר סן,,,אקונומיקה 4 ליטר סן,מיליליטרים,4000.00,"100 מ""ל",false,,14.90,0.3725,true,1,140195
7290111010507,false,נוזל כלים 18% תפוח 1,,,נוזל כלים 18% תפוח 1,מיליליטרים,1600.00,"100 מ""ל",false,,11.90,0.7438,true,1,140216
7290111010514,false,נוזל כלים 18% לימון,,,נוזל כלים 18% לימון,מיליליטרים,1600.00,"100 מ""ל",false,,11.90,0.7438,true,1,140217
7290111010583,false,נייר טואלט טוטו דו ש,,,נייר טואלט טוטו דו ש,יחידה,0.00,יחידה,false,,33.90,0.0000,true,1,138132
7290111010613,false,"שמן זית בשן 750מ""ל",,,"שמן זית בשן 750מ""ל",מיליליטרים,750.00,"100 מ""ל",false,,29.90,3.9867,true,1,138176
7290111010668,false,יין לוטן בלנד אדום75,,,יין לוטן בלנד אדום75,מיליליטרים,750.00,"100 מ""ל",false,,29.90,3.9867,true,1,138953
7290111010675,false,יין לוטן לבן  חצי יב,,,יין לוטן לבן  חצי יב,מיליליטרים,750.00,"100 מ""ל",false,,29.90,3.9867,true,1,138954
7290111010682,false,יין לוטן שיראז קברנה,,,יין לוטן שיראז קברנה,מיליליטרים,750.00,"100 מ""ל",false,,29.90,3.9867,true,1,138955
7290111010699,false,יין יערה קברנה סובינ,,,יין יערה קברנה סובינ,מיליליטרים,750.00,"100 מ""ל",false,,29.90,3.9867,true,1,138956
7290111010705,false,יין יערה אמרלד ריזלי,,,יין יערה אמרלד ריזלי,מיליליטרים,750.00,"100 מ""ל",false,,29.90,3.9867,true,1,138958
7290111010712,false,יין יערה שיראז קברנה,,,יין יערה שיראז קברנה,מיליליטרים,750.00,"100 מ""ל",false,,29.90,3.9867,true,1,138957
7290111010736,false,יין קברנה סוביניון ש,,,יין קברנה סוביניון ש,מיליליטרים,750.00,"100 מ""ל",false,,39.90,5.3200,true,1,139187
7290111010743,false,יין מרלו שאטו רפאלו,,,יין מרלו שאטו רפאלו,מיליליטרים,750.00,"100 מ""ל",false,,39.90,5.3200,true,1,139188
7290111010767,false,אקונומיקה סן רמו מבו,,,אקונומיקה סן רמו מבו,מיליליטרים,4000.00,"100 מ""ל",false,,14.90,0.3725,true,1,140196
7290111010774,false,מרכך כביסה בייבי פרש,,,מרכך כביסה בייבי פרש,מיליליטרים,4000.00,"100 מ""ל",false,,16.90,0.4225,true,1,140197
7290111010781,false,מרכך כביסה פרש מונקו,,,מרכך כביסה פרש מונקו,מיליליטרים,4000.00,"100 מ""ל",false,,16.90,0.4225,true,1,140198
7290111010804,false,מרכך כביסה פרש לבנדר,,,מרכך כביסה פרש לבנדר,מיליליטרים,4000.00,"100 מ""ל",false,,16.90,0.4225,true,1,140200
7290111010811,false,מרכך כביסה פרש בליסי,,,מרכך כביסה פרש בליסי,מיליליטרים,4000.00,"100 מ""ל",false,,16.90,0.4225,true,1,140201
7290111010828,false,מרכך כביסה פרש לאונר,,,מרכך כביסה פרש לאונר,מיליליטרים,4000.00,"100 מ""ל",false,,16.90,0.4225,true,1,140202
7290111010835,false,מרכך כביסה פרש ונילה,,,מרכך כביסה פרש ונילה,מיליליטרים,4000.00,"100 מ""ל",false,,16.90,0.4225,true,1,140203
7290111010842,false,מרכך כביסה בייבי פרש,,,מרכך כביסה בייבי פרש,מיליליטרים,1000.00,"100 מ""ל",false,,12.90,1.2900,true,1,140204
7290111010866,false,מרכך כביסה פרש אורנג,,,מרכך כביסה פרש אורנג,מיליליטרים,1000.00,"100 מ""ל",false,,12.90,1.2900,true,1,140206
7290111010880,false,מרכך כביסה פרש בליסי,,,מרכך כביסה פרש בליסי,מיליליטרים,1000.00,"100 מ""ל",false,,12.90,1.2900,true,1,140208
7290111010897,false,מרכך כביסה פרש לאונר,,,מרכך כביסה פרש לאונר,מיליליטרים,1000.00,"100 מ""ל",false,,12.90,1.2900,true,1,140209
7290111010903,false,מרכך כביסה פרש ונילה,,,מרכך כביסה פרש ונילה,מיליליטרים,1000.00,"100 מ""ל",false,,12.90,1.2900,true,1,140210
7290111010910,false,נוזל רצפות מרוכז מאס,,,נוזל רצפות מרוכז מאס,מיליליטרים,2000.00,"100 מ""ל",false,,16.90,0.8450,true,1,140211
7290111010934,false,נוזל רצפות מרוכז ספא,,,נוזל רצפות מרוכז ספא,מיליליטרים,2000.00,"100 מ""ל",false,,16.90,0.8450,true,1,140213
7290111010941,false,נוזל רצפות מרוכז לבנ,,,נוזל רצפות מרוכז לבנ,מיליליטרים,2000.00,"100 מ""ל",false,,16.90,0.8450,true,1,140214
7290111010958,false,נוזל רצפות מרוכז בית,,,נוזל רצפות מרוכז בית,מיליליטרים,2000.00,"100 מ""ל",false,,16.90,0.8450,true,1,140215
7290111010965,false,נוזל רצפות לבנדר 4 ל,,,נוזל רצפות לבנדר 4 ל,מיליליטרים,4000.00,"100 מ""ל",false,,12.90,0.3225,true,1,140218
7290111010972,false,נוזל רצפות מאסק 4 לי,,,נוזל רצפות מאסק 4 לי,מיליליטרים,4000.00,"100 מ""ל",false,,12.90,0.3225,true,1,140219
7290111010989,false,נוזל רצפות מרענן 4 ל,,,נוזל רצפות מרענן 4 ל,מיליליטרים,4000.00,"100 מ""ל",false,,12.90,0.3225,true,1,140220
7290111010996,false,תמר מלך המגהול גולד,,,תמר מלך המגהול גולד,גרמים,500.00,100 גרם,false,,19.90,3.9800,true,1,139675
7290111011023,false,שמן זית כתית מעולה צ,,,שמן זית כתית מעולה צ,מיליליטרים,750.00,"100 מ""ל",false,,29.90,3.9867,true,1,140149
7290111011047,false,נוזל חלונות 1 ליטר ס,,,נוזל חלונות 1 ליטר ס,מיליליטרים,750.00,"100 מ""ל",false,,8.90,1.1867,true,1,140841
7290111011085,false,מטליות לחות לרצפה לב,,,מטליות לחות לרצפה לב,יחידה,0.00,יחידה,false,,10.90,0.0000,true,1,140913
7290111092985,false,מגבוני בייביסיטר מהד,,,מגבוני בייביסיטר מהד,יחידה,0.00,יחידה,false,,15.90,0.0000,true,1,140194
7290111093470,false,*מבצע* קוויק ספוגית,,,*מבצע* קוויק ספוגית,יחידה,0.00,יחידה,false,,8.90,0.0000,true,1,140503
7290111093982,false,"תחליב רחצה ד""ר עור פ",,,"תחליב רחצה ד""ר עור פ",מיליליטרים,700.00,"100 מ""ל",false,,16.90,2.4143,true,1,140737
7290111094248,false,קוויק שקיות אשפה XL,,,קוויק שקיות אשפה XL,יחידה,0.00,יחידה,false,,19.90,0.0000,true,1,120660
7290111094613,false,מגבונים לניקוי משקפי,,,מגבונים לניקוי משקפי,יחידה,0.00,יחידה,false,,7.90,0.0000,true,1,106809
7290111096921,false,קוויק מגבונים לניקוי,,,קוויק מגבונים לניקוי,יחידה,0.00,יחידה,false,,8.90,0.0000,true,1,137641
7290111097546,false,קוויק מגבונים לניקוי,,,קוויק מגבונים לניקוי,יחידה,0.00,יחידה,false,,8.90,0.0000,true,1,139089
7290111097836,false,קוויק מגבונים דוחה א,,,קוויק מגבונים דוחה א,יחידה,0.00,יחידה,false,,8.90,0.0000,true,1,139090
7290111285318,false,צלחת במבוק 23 מיקי מ,,,צלחת במבוק 23 מיקי מ,יחידה,0.00,יחידה,false,,9.90,0.0000,true,1,107654
7290111285325,false,צלחת במבוק 23 מיני מ,,,צלחת במבוק 23 מיני מ,יחידה,0.00,יחידה,false,,9.90,0.0000,true,1,107655
7290111285400,false,קערה במבוק מיקי מאוס,,,קערה במבוק מיקי מאוס,יחידה,0.00,יחידה,false,,9.90,0.0000,true,1,107669
7290111285462,false,כוס במבוק ספיידרמן,,,כוס במבוק ספיידרמן,יחידה,0.00,יחידה,false,,7.90,0.0000,true,1,107685
7290111340185,false,מטליות לחות לרצפה בנ,,,מטליות לחות לרצפה בנ,יח',10.00,יח',false,,11.90,1.1900,true,1,94235
7290111341984,false,לילי נייר טואלט לח מ,,,לילי נייר טואלט לח מ,יחידה,0.00,יחידה,false,,22.90,0.0000,true,1,106900
7290111342004,false,ליל מגבוני נייר טואל,,,ליל מגבוני נייר טואל,יחידה,0.00,יחידה,false,,8.90,0.0000,true,1,102937
7290111343841,false,ספוגית הקסם נירוסטה,,,ספוגית הקסם נירוסטה,יחידה,0.00,יחידה,false,,10.90,0.0000,true,1,126946
7290111344527,false,זוג שקיות אשפה ענקיי,,,זוג שקיות אשפה ענקיי,יחידה,0.00,יחידה,false,,25.90,0.0000,true,1,135528
7290111344824,false,קוטקס מגן תחתון אנטי,,,קוטקס מגן תחתון אנטי,יחידה,0.00,יחידה,false,,19.90,0.0000,true,1,138827
7290111344831,false,קוטקס מגן תחתון אקסט,,,קוטקס מגן תחתון אקסט,יחידה,0.00,יחידה,false,,19.90,0.0000,true,1,138828
7290111345814,false,נייר טואלט לילי נטור,,,נייר טואלט לילי נטור,יחידה,0.00,יחידה,false,,39.90,0.0000,true,1,138949
7290111346132,false,מגבוני האגיס סנסטיב,,,מגבוני האגיס סנסטיב,יחידה,0.00,יחידה,false,,18.90,0.0000,true,1,140337
7290111350726,false,נאצ'וס מתירס צהוב 32,,,נאצ'וס מתירס צהוב 32,גרמים,322.00,100 גרם,false,,16.90,5.2484,true,1,136444
7290111352935,false,סוכריות טופי ממולא 3,,,סוכריות טופי ממולא 3,גרמים,600.00,100 גרם,false,,10.90,1.8167,true,1,120782
7290111352959,false,יוגטה מקלות חמוצים 8,,,יוגטה מקלות חמוצים 8,גרמים,80.00,100 גרם,false,,4.90,6.1250,true,1,120784
7290111352966,false,סוכריות גומי ממולאות,,,סוכריות גומי ממולאות,גרמים,250.00,100 גרם,false,,8.50,3.4000,true,1,120785
7290111353055,false,סוכריות גומי דובונים,,,סוכריות גומי דובונים,גרמים,200.00,100 גרם,false,,9.90,4.9500,true,1,128566
7290111353109,false,סוכריות גומי נחשים מ,,,סוכריות גומי נחשים מ,גרמים,200.00,100 גרם,false,,9.90,4.9500,true,1,128564
7290111353239,false,סוכריות גומי יין 200,,,סוכריות גומי יין 200,גרמים,200.00,100 גרם,false,,9.90,4.9500,true,1,128567
7290111353383,false,סוכריות מנטוס תות 10,קריות זול,,סוכריות מנטוס תות 10,גרמים,250.00,100 גרם,false,,14.90,5.9600,true,1,136456
7290111563492,false,מטבוחה חריפה צבר מרו,,,מטבוחה חריפה צבר מרו,גרמים,400.00,100 גרם,false,,12.90,3.2250,true,1,96867
7290111566103,false,פלאפל מרכיבים ביתיים,,,פלאפל מרכיבים ביתיים,גרמים,590.00,100 גרם,false,,34.90,5.9153,true,1,96008
7290111566240,false,שניצל דק בטעם צ'ילי,קריות זול,,שניצל דק בטעם צ'ילי,גרמים,564.00,100 גרם,false,,34.90,6.1879,true,1,96003
7290111566318,false,שניצל דק מן הצומח טב,,,שניצל דק מן הצומח טב,גרמים,564.00,100 גרם,false,,34.90,6.1879,true,1,96005
7290111566332,false,נקניקיות וינר צמחוני,,,נקניקיות וינר צמחוני,גרמים,680.00,100 גרם,false,,34.90,5.1324,true,1,96007
7290111566417,false,טחון צמחוני טבעול 50,,,טחון צמחוני טבעול 50,גרמים,500.00,100 גרם,false,,34.90,6.9800,true,1,96018
7290111566547,false,חזה בגריל צמחוני 99,קריות זול,,חזה בגריל צמחוני 99,גרמים,560.00,100 גרם,false,,34.90,6.2321,true,1,96015
7290111566561,false,שניצל ברוקולי 99 קלו,,,שניצל ברוקולי 99 קלו,גרמים,560.00,100 גרם,false,,34.90,6.2321,true,1,97195
7290111566585,false,שניצל צמחוני 99 קלור,קריות זול,,שניצל צמחוני 99 קלור,גרמים,650.00,100 גרם,false,,34.90,5.3692,true,1,96014
7290111566691,false,שניצל טבעול תרד 99 ק,,,שניצל טבעול תרד 99 ק,גרמים,560.00,100 גרם,false,,34.90,6.2321,true,1,105215
7290111566714,false,המבורגר צמחוני 99 קל,קריות זול,,המבורגר צמחוני 99 קל,גרמים,600.00,100 גרם,false,,34.90,5.8167,true,1,96013
7290111566776,false,נקניקיות קוקטייל צמח,קריות זול,,נקניקיות קוקטייל צמח,גרמים,680.00,100 גרם,false,,34.90,5.1324,true,1,97402
7290111568206,false,ביסלי פארטי מיקס אסם,,,ביסלי פארטי מיקס אסם,גרמים,150.00,100 גרם,false,,9.50,6.3333,true,1,97393
7290111568275,false,נודלס איטריות אורז ר,,,נודלס איטריות אורז ר,גרמים,300.00,100 גרם,false,,10.90,3.6333,true,1,97182
7290111568299,false,נודלס איטריות עם תרד,,,נודלס איטריות עם תרד,גרמים,300.00,100 גרם,false,,10.90,3.6333,true,1,97183
7290111568466,false,רוטב אסייתי למוקפץ א,,,רוטב אסייתי למוקפץ א,מיליליטרים,290.00,"100 מ""ל",false,,15.90,5.4828,true,1,97188
7290111568961,false,בייגלה טבעות מלח אסם,,,בייגלה טבעות מלח אסם,גרמים,400.00,100 גרם,false,,11.90,2.9750,true,1,97498
7290111873041,false,אצבעות שוקולד ממולא,,,אצבעות שוקולד ממולא,גרמים,50.00,100 גרם,false,,4.90,9.8000,true,1,135082
7290111930799,false,קראנצוס בצל 55 גרם,,,קראנצוס בצל 55 גרם,גרמים,55.00,100 גרם,false,,4.30,7.8182,true,1,94803
7290111930805,false,קראנצוס ברביקיו  55,,,קראנצוס ברביקיו  55,גרמים,55.00,100 גרם,false,,4.30,7.8182,true,1,94804
7290111930850,false,קראנצוס פיצה 55 גרם,,,קראנצוס פיצה 55 גרם,גרמים,55.00,100 גרם,false,,4.30,7.8182,true,1,94805
7290111930898,false,חטיף פוף כוכבים גריל,,,חטיף פוף כוכבים גריל,גרמים,40.00,100 גרם,false,,4.20,10.5000,true,1,95018
7290111930904,false,חטיף פוף כוכבים בצל,,,חטיף פוף כוכבים בצל,גרמים,40.00,100 גרם,false,,4.20,10.5000,true,1,95019
7290111930911,false,חטיף פוף לבבות קלאסי,,,חטיף פוף לבבות קלאסי,גרמים,40.00,100 גרם,false,,4.20,10.5000,true,1,95017
7290111930928,false,חטיף פוף לבבות גריל,,,חטיף פוף לבבות גריל,גרמים,40.00,100 גרם,false,,4.20,10.5000,true,1,95020
7290111930935,false,חטיף פוף טבעות קלאסי,,,חטיף פוף טבעות קלאסי,גרמים,40.00,100 גרם,false,,4.20,10.5000,true,1,95021
7290111933554,false,עגבניות קוביות מאסטר,,,עגבניות קוביות מאסטר,גרמים,1200.00,100 גרם,false,,16.90,1.4083,true,1,98867
7290111936296,false,פלמוליב תחליב רחצה ס,,,פלמוליב תחליב רחצה ס,מיליליטרים,750.00,"100 מ""ל",false,,21.90,2.9200,true,1,100750
7290112000286,false,סיליט באנג גל לניקוי,,,סיליט באנג גל לניקוי,מיליליטרים,750.00,"100 מ""ל",false,,9.90,1.3200,true,1,95736
7290112000293,false,סיליט באנג גל לניקוי,,,סיליט באנג גל לניקוי,מיליליטרים,750.00,"100 מ""ל",false,,9.90,1.3200,true,1,95737
7290112000408,false,מנקה ומחטא לניקוי כל,,,מנקה ומחטא לניקוי כל,מיליליטרים,750.00,"100 מ""ל",false,,15.90,2.1200,true,1,98776
7290112000798,false,מחטא משטחים לימון מנ,,,מחטא משטחים לימון מנ,מיליליטרים,750.00,"100 מ""ל",false,,15.90,2.1200,true,1,98780
7290112001221,false,קולון מנקה מכונת כבי,,,קולון מנקה מכונת כבי,מיליליטרים,250.00,"100 מ""ל",false,,21.90,8.7600,true,1,98971
7290112001436,false,פיניש מנקה ומחדש ניח,,,פיניש מנקה ומחדש ניח,מיליליטרים,250.00,"100 מ""ל",false,,21.90,8.7600,true,1,107346
7290112001870,false,סיליט באנג ספריי לני,קריות זול,,סיליט באנג ספריי לני,מיליליטרים,750.00,"100 מ""ל",false,,13.90,1.8533,true,1,106860
7290112002044,false,פיניש מנקה מדיח טבלי,,,פיניש מנקה מדיח טבלי,יחידה,0.00,יחידה,false,,19.90,0.0000,true,1,106859
7290112002099,false,קולון גל מרוכז רגיל,,,קולון גל מרוכז רגיל,ליטרים,2.50,ליטר,false,,25.90,10.3600,true,1,107031
7290112002112,false,קולון ג'ל מרוכז ורדי,,,קולון ג'ל מרוכז ורדי,ליטרים,2.50,ליטר,false,,25.90,10.3600,true,1,107033
7290112002129,false,קולון ג'ל מרוכז פריח,,,קולון ג'ל מרוכז פריח,ליטרים,2.50,ליטר,false,,25.90,10.3600,true,1,107034
7290112004192,false,פיניש טבליות למדיח א,,,פיניש טבליות למדיח א,יחידה,0.00,יחידה,false,,29.90,0.0000,true,1,139260
7290112004321,false,דטול מטליות לחות לני,,,דטול מטליות לחות לני,יחידה,0.00,יחידה,false,,15.90,0.0000,true,1,137174
7290112004413,false,וניש ספריי להסרת כתמ,,,וניש ספריי להסרת כתמ,מיליליטרים,750.00,"100 מ""ל",false,,24.90,3.3200,true,1,139479
7290112004611,false,ןניש קליה פאואר ג'ל,,,ןניש קליה פאואר ג'ל,מיליליטרים,200.00,"100 מ""ל",false,,13.90,6.9500,true,1,139478
7290112004970,false,פיניש אולטימייט טבלי,,,פיניש אולטימייט טבלי,יח',50.00,יח',false,,59.90,1.1980,true,1,140969
7290112005052,false,וניש אבקה לכביסה לבנ,,,וניש אבקה לכביסה לבנ,גרמים,1500.00,100 גרם,false,,39.90,2.6600,true,1,140088
7290112005083,false,וניש אבקה לכביסה צבע,,,וניש אבקה לכביסה צבע,גרמים,1500.00,100 גרם,false,,39.90,2.6600,true,1,140089
7290112330352,false,דנונה פרו וניל 0% שו,,,דנונה פרו וניל 0% שו,גרמים,200.00,100 גרם,false,,6.40,3.2000,true,1,99993
7290112330390,false,דנונה פרו 20 גרם פיר,,,דנונה פרו 20 גרם פיר,גרמים,200.00,100 גרם,false,,6.40,3.2000,true,1,99994
7290112332585,false,"פריכיות תפו""א/אורז/ב",,,"פריכיות תפו""א/אורז/ב",גרמים,30.00,100 גרם,false,,5.90,19.6667,true,1,100478
7290112332691,false,עוגיות קרם פסק זמן א,,,עוגיות קרם פסק זמן א,גרמים,200.00,100 גרם,false,,10.90,5.4500,true,1,102867
7290112335487,false,פריכיות הטעימות קצח,,,פריכיות הטעימות קצח,גרמים,135.00,100 גרם,false,,13.90,10.2963,true,1,100474
7290112335494,false,פריכיות הטעימות פוטט,,,פריכיות הטעימות פוטט,גרמים,135.00,100 גרם,false,,13.90,10.2963,true,1,100475
7290112335500,false,פריכיות הטעימות חלבו,,,פריכיות הטעימות חלבו,גרמים,135.00,100 גרם,false,,13.90,10.2963,true,1,100476
7290112336613,false,עד חצות סנדוויץ עלית,,,עד חצות סנדוויץ עלית,גרמים,135.00,100 גרם,false,,11.90,8.8148,true,1,107786
7290112336637,false,מאסט סוכריות יוגורט,,,מאסט סוכריות יוגורט,גרמים,80.00,100 גרם,false,,9.30,11.6250,true,1,106868
7290112336644,false,מאסט סוכריות לימון ל,,,מאסט סוכריות לימון ל,גרמים,80.00,100 גרם,false,,9.30,11.6250,true,1,106869
7290112336651,false,מאסט סוכריות ריבת חל,,,מאסט סוכריות ריבת חל,גרמים,80.00,100 גרם,false,,9.30,11.6250,true,1,106871
7290112336712,false,דנונה פרו 21 עשיר בח,,,דנונה פרו 21 עשיר בח,גרמים,200.00,100 גרם,false,,6.40,3.2000,true,1,99783
7290112337481,false,מאסט סוכריות קפוצ'ינ,,,מאסט סוכריות קפוצ'ינ,גרמים,80.00,100 גרם,false,,9.30,11.6250,true,1,106872
7290112339362,false,דנונה לייט אנד פרייי,,,דנונה לייט אנד פרייי,גרמים,150.00,100 גרם,false,,4.80,3.2000,true,1,107157
7290112339867,false,גמדים סקוויז תות 100,,,גמדים סקוויז תות 100,גרמים,100.00,100 גרם,false,,5.90,5.9000,true,1,99439
7290112339874,false,גמדים סקוויז תות בננ,,,גמדים סקוויז תות בננ,גרמים,100.00,100 גרם,false,,5.90,5.9000,true,1,99440
7290112340122,false,פריכיות הטעימות 3 דג,,,פריכיות הטעימות 3 דג,גרמים,135.00,100 גרם,false,,13.90,10.2963,true,1,100477
7290112340276,false,עוגיות קרם קפה נמס 2,,,עוגיות קרם קפה נמס 2,גרמים,200.00,100 גרם,false,,10.90,5.4500,true,1,102869
7290112341686,false,אקטיביה 3% מארז שמינ,,,אקטיביה 3% מארז שמינ,גרמים,1200.00,100 גרם,false,,21.90,1.8250,true,1,106826
7290112342102,false,גבינת סימפוניה בצל מ,,,גבינת סימפוניה בצל מ,גרמים,200.00,100 גרם,false,,11.80,5.9000,true,1,112308
7290112342270,false,קפה פלטינום אינטנס 1,,,קפה פלטינום אינטנס 1,גרמים,200.00,100 גרם,false,,18.90,9.4500,true,1,112041
7290112342362,false,אקטיביה 3% 150 גר,,,אקטיביה 3% 150 גר,גרמים,1200.00,100 גרם,false,,2.80,0.2333,true,1,106832
7290112343260,false,רוטב שמנת קלאסי 9% י,,,רוטב שמנת קלאסי 9% י,מיליליטרים,250.00,"100 מ""ל",false,,10.90,4.3600,true,1,107806
7290112343420,false,שייק פרו ארוחת בוקר,,,שייק פרו ארוחת בוקר,מיליליטרים,350.00,"100 מ""ל",false,,7.70,2.2000,true,1,107805
7290112343499,false,ציטוס פופס 55גרם,,,ציטוס פופס 55גרם,גרמים,55.00,100 גרם,false,,3.90,7.0909,true,1,137683
7290112344564,false,רביולי גבינה ילדים 4,,,רביולי גבינה ילדים 4,גרמים,300.00,100 גרם,false,,21.90,7.3000,true,1,106841
7290112344755,false,מילקי בטעם שוקולד עם,,,מילקי בטעם שוקולד עם,גרמים,135.00,100 גרם,false,,2.90,2.1481,true,1,129094
7290112344786,false,קפה פלטינום קלאסיק ע,,,קפה פלטינום קלאסיק ע,גרמים,200.00,100 גרם,false,,24.90,12.4500,true,1,113450
7290112346360,false,בפלות בציפוי שוקולד,,,בפלות בציפוי שוקולד,גרמים,180.00,100 גרם,false,,14.90,8.2778,true,1,112341
7290112346537,false,עוגיות פינוקיות בטעם,,,עוגיות פינוקיות בטעם,גרמים,200.00,100 גרם,false,,10.90,5.4500,true,1,107783
7290112346773,false,דנונה לייט אנד פריי,,,דנונה לייט אנד פריי,גרמים,150.00,100 גרם,false,,4.90,3.2667,true,1,134991
7290112346797,false,אקטיביה שיבולת שועל,,,אקטיביה שיבולת שועל,גרמים,150.00,100 גרם,false,,4.90,3.2667,true,1,120027
7290112348142,false,שעועית לבנה ט.הטבע ק,,,שעועית לבנה ט.הטבע ק,גרמים,380.00,100 גרם,false,,6.90,1.8158,true,1,120305
7290112349606,false,דניאלה בטעם תות בננה,,,דניאלה בטעם תות בננה,גרמים,88.00,100 גרם,false,,4.30,4.8864,true,1,138546
7290112349736,false,רוטב עגבניות לפסטה 3,,,רוטב עגבניות לפסטה 3,גרמים,350.00,100 גרם,false,,12.90,3.6857,true,1,112797
7290112349750,false,רוטב עגבניות לפיצה 3,,,רוטב עגבניות לפיצה 3,גרמים,350.00,100 גרם,false,,12.90,3.6857,true,1,112800
7290112350312,false,קפסולות מס' 15למכונו,,,קפסולות מס' 15למכונו,גרמים,50.00,100 גרם,false,,18.90,37.8000,true,1,128033
7290112351258,false,פינוקיות שחור לבן 20,,,פינוקיות שחור לבן 20,גרמים,200.00,100 גרם,false,,10.90,5.4500,true,1,127921
7290112351463,false,שלישיית סוכריות פרש,,,שלישיית סוכריות פרש,גרמים,45.00,100 גרם,false,,9.90,22.0000,true,1,120557
7290112351470,false,שלישיית סוכריות פרש,,,שלישיית סוכריות פרש,גרמים,45.00,100 גרם,false,,9.90,22.0000,true,1,120556
7290112353887,false,משקה קפה קר בטעם אגו,,,משקה קפה קר בטעם אגו,מיליליטרים,230.00,"100 מ""ל",false,,7.90,3.4348,true,1,120747
7290112354174,false,פסטה רוזה 280גרם דלי,,,פסטה רוזה 280גרם דלי,גרמים,280.00,100 גרם,false,,24.90,8.8929,true,1,141274
7290112354211,false,פיצה מרגריטה 400גרם,,,פיצה מרגריטה 400גרם,גרמים,400.00,100 גרם,false,,27.90,6.9750,true,1,141272
7290112354235,false,ברקטה פיצה 300גרם דל,,,ברקטה פיצה 300גרם דל,גרמים,300.00,100 גרם,false,,27.90,9.3000,true,1,141273
7290112355027,false,דנונה פרו 20 בטעם קר,,,דנונה פרו 20 בטעם קר,גרמים,200.00,100 גרם,false,,6.40,3.2000,true,1,129091
7290112355102,false,גמדים סקוויז סלט פיר,,,גמדים סקוויז סלט פיר,גרמים,100.00,100 גרם,false,,5.90,5.9000,true,1,135286
7290112355386,false,רוטב שמנת בטעם קרמל,,,רוטב שמנת בטעם קרמל,מיליליטרים,250.00,"100 מ""ל",false,,10.90,4.3600,true,1,139498
7290112357083,false,אפונת גינה ט.הטבע קו,,,אפונת גינה ט.הטבע קו,גרמים,380.00,100 גרם,false,,6.90,1.8158,true,1,120304
7290112357106,false,שעועית אדומה ט.הטבע,,,שעועית אדומה ט.הטבע,גרמים,380.00,100 גרם,false,,6.90,1.8158,true,1,120306
7290112357113,false,גרגרי חומוס ט.הטבע ק,,,גרגרי חומוס ט.הטבע ק,גרמים,380.00,100 גרם,false,,6.90,1.8158,true,1,120300
7290112357175,false,קפסולות למכונת נספרס,,,קפסולות למכונת נספרס,גרמים,50.00,100 גרם,false,,18.90,37.8000,true,1,112726
7290112357892,false,שלישיית סוכריות פרש,,,שלישיית סוכריות פרש,גרמים,45.00,100 גרם,false,,9.90,22.0000,true,1,120558
7290112358240,false,רוטב לעוף גריל 300גר,,,רוטב לעוף גריל 300גר,גרמים,300.00,100 גרם,false,,14.90,4.9667,true,1,120246
7290112358431,false,עד חצות ביסקוויט דאב,,,עד חצות ביסקוויט דאב,גרמים,200.00,100 גרם,false,,14.90,7.4500,true,1,136235
7290112490032,false,נמס בכוס קנור תירס,,,נמס בכוס קנור תירס,יחידה,0.00,יחידה,false,,7.50,0.0000,true,1,98570
7290112490117,false,קליק שוקולד וופל ואג,,,קליק שוקולד וופל ואג,גרמים,85.00,100 גרם,false,,6.90,8.1176,true,1,98627
7290112490216,false,נמס בכוס קנור עוף קר,,,נמס בכוס קנור עוף קר,גרמים,48.00,100 גרם,false,,7.50,15.6250,true,1,98604
7290112490230,false,נמס בכוס קנור אפונה,,,נמס בכוס קנור אפונה,גרמים,50.00,100 גרם,false,,7.50,15.0000,true,1,98605
7290112490599,false,חרדל צרפתי עם גרגירי,,,חרדל צרפתי עם גרגירי,גרמים,350.00,100 גרם,false,,13.50,3.8571,true,1,98595
7290112490650,false,קונפיטורה 778 תות שד,,,קונפיטורה 778 תות שד,גרמים,340.00,100 גרם,false,,14.90,4.3824,true,1,98606
7290112490667,false,קונפיטורה 778 משמש 3,,,קונפיטורה 778 משמש 3,גרמים,340.00,100 גרם,false,,14.90,4.3824,true,1,98607
7290112490674,false,קונפיטורה 778 דובדבן,,,קונפיטורה 778 דובדבן,גרמים,340.00,100 גרם,false,,14.90,4.3824,true,1,98608
7290112490759,false,מרק עשיר עוף איטריות,,,מרק עשיר עוף איטריות,גרמים,74.00,100 גרם,false,,12.90,17.4324,true,1,98584
7290112490827,false,בדין תרסיס בייבי למי,,,בדין תרסיס בייבי למי,מיליליטרים,500.00,"100 מ""ל",false,,19.90,3.9800,true,1,98591
7290112491770,false,בייגלה דקים דקים מלח,קריות זול,,בייגלה דקים דקים מלח,גרמים,300.00,100 גרם,false,,10.90,3.6333,true,1,99655
7290112491794,false,בייגלה דקים דקים שמנ,קריות זול,,בייגלה דקים דקים שמנ,גרמים,300.00,100 גרם,false,,10.90,3.6333,true,1,99657
7290112492449,false,פינוק שמפו לשיער רגי,קריות זול,,פינוק שמפו לשיער רגי,מיליליטרים,700.00,"100 מ""ל",false,,13.90,1.9857,true,1,113197
7290112492456,false,פינוק שמפו לשיער יבש,קריות זול,,פינוק שמפו לשיער יבש,מיליליטרים,700.00,"100 מ""ל",false,,13.90,1.9857,true,1,113198
7290112492463,false,פינוק 2ב1 לשיער רגיל,קריות זול,,פינוק 2ב1 לשיער רגיל,מיליליטרים,700.00,"100 מ""ל",false,,13.90,1.9857,true,1,113199
7290112492470,false,פינוק 2ב1 לשיער יבש,,,פינוק 2ב1 לשיער יבש,מיליליטרים,700.00,"100 מ""ל",false,,13.90,1.9857,true,1,134885
7290112492500,false,פינוק שמפו שמן קוקוס,,,פינוק שמפו שמן קוקוס,מיליליטרים,700.00,"100 מ""ל",false,,13.90,1.9857,true,1,113201
7290112492548,false,פינוק מרכך לשיער יבש,,,פינוק מרכך לשיער יבש,מיליליטרים,700.00,"100 מ""ל",false,,13.90,1.9857,true,1,107632
7290112492579,false,פינוק מרכך לשיער שמן,,,פינוק מרכך לשיער שמן,מיליליטרים,700.00,"100 מ""ל",false,,13.90,1.9857,true,1,107635
7290112492593,false,פינוק תחליב רחצה קלא,,,פינוק תחליב רחצה קלא,מיליליטרים,700.00,"100 מ""ל",false,,12.90,1.8429,true,1,107636
7290112492609,false,פינוק תחליב רחצה לבנ,,,פינוק תחליב רחצה לבנ,מיליליטרים,700.00,"100 מ""ל",false,,12.90,1.8429,true,1,107637
7290112492630,false,פינוק שמפו 3ב-1 לגבר,,,פינוק שמפו 3ב-1 לגבר,מיליליטרים,700.00,"100 מ""ל",false,,13.90,1.9857,true,1,107640
7290112492647,false,פינוק שמפו לגבר 3 ב1,,,פינוק שמפו לגבר 3 ב1,מיליליטרים,700.00,"100 מ""ל",false,,13.90,1.9857,true,1,107641
7290112492999,false,"מרק טעם עוף קנור בד""",,,"מרק טעם עוף קנור בד""",גרמים,400.00,100 גרם,false,,16.50,4.1250,true,1,107722
7290112493064,false,רוטב שזיפים לעוף קנו,,,רוטב שזיפים לעוף קנו,גרמים,320.00,100 גרם,false,,14.90,4.6563,true,1,113397
7290112493088,false,נמס בכוס קנור עדשים,,,נמס בכוס קנור עדשים,גרמים,54.00,100 גרם,false,,7.50,13.8889,true,1,102706
7290112493095,false,נמס בכוס קנורעגבניות,,,נמס בכוס קנורעגבניות,גרמים,48.00,100 גרם,false,,7.50,15.6250,true,1,102707
7290112493293,false,נמס בכוס קנור ירקות,,,נמס בכוס קנור ירקות,גרמים,44.00,100 גרם,false,,7.50,17.0455,true,1,102708
7290112493316,false,מרק היום אפונה 100%,,,מרק היום אפונה 100%,גרמים,117.00,100 גרם,false,,12.90,11.0256,true,1,102709
7290112493927,false,קרמיסימו רית חלב 1.3,,,קרמיסימו רית חלב 1.3,ליטרים,1300.00,100 ליטר,false,,21.90,1.6846,true,1,107642
7290112493934,false,קרמיסימו וניל 1.33 ל,,,קרמיסימו וניל 1.33 ל,ליטרים,1330.00,100 ליטר,false,,21.90,1.6466,true,1,107643
7290112493965,false,קרמיסימו מסטיגם 1.33,,,קרמיסימו מסטיגם 1.33,ליטרים,1300.00,100 ליטר,false,,21.90,1.6846,true,1,107644
7290112494153,false,קנור תיבולית בניחוח,קריות זול,,קנור תיבולית בניחוח,יחידה,0.00,יחידה,false,,10.90,0.0000,true,1,113389
7290112494221,false,קליק ביסקוויט תפזורת,,,קליק ביסקוויט תפזורת,גרמים,65.00,100 גרם,false,,7.00,10.7692,true,1,107179
7290112494238,false,קליק כדורים חלב תפזו,,,קליק כדורים חלב תפזו,גרמים,65.00,100 גרם,false,,7.00,10.7692,true,1,107171
7290112494276,false,קליק כריות תפזורת 65,,,קליק כריות תפזורת 65,גרמים,65.00,100 גרם,false,,7.00,10.7692,true,1,107172
7290112494283,false,קליק מעורב חום לבן ת,,,קליק מעורב חום לבן ת,גרמים,65.00,100 גרם,false,,7.00,10.7692,true,1,107173
7290112494313,false,קליק קורנפלקס תפזורת,,,קליק קורנפלקס תפזורת,גרמים,65.00,100 גרם,false,,7.00,10.7692,true,1,107174
7290112494344,false,קורנפלקס של אלופים 8,,,קורנפלקס של אלופים 8,גרמים,850.00,100 גרם,false,,18.90,2.2235,true,1,113194
7290112494351,false,קורנפלקס של אלופים 8,קריות זול,,קורנפלקס של אלופים 8,גרמים,850.00,100 גרם,false,,18.90,2.2235,true,1,113195
7290112494795,false,בדין גל כביסה לבנה ו,,,בדין גל כביסה לבנה ו,מיליליטרים,2500.00,"100 מ""ל",false,,32.90,1.3160,true,1,107723
7290112494993,false,כריות וניל 686גר,,,כריות וניל 686גר,גרמים,686.00,100 גרם,false,,27.90,4.0671,true,1,107163
7290112495006,false,כריות נוגט 686גר,קריות זול,,כריות נוגט 686גר,גרמים,686.00,100 גרם,false,,25.90,3.7755,true,1,107152
7290112495020,false,כריות צוקולדה 686גר,,,כריות צוקולדה 686גר,גרמים,686.00,100 גרם,false,,27.90,4.0671,true,1,107153
7290112495037,false,קוקומן כדורים 375גר,,,קוקומן כדורים 375גר,גרמים,375.00,100 גרם,false,,22.90,6.1067,true,1,107164
7290112495044,false,קוקומן פצפוצים 375גר,קריות זול,,קוקומן פצפוצים 375גר,גרמים,375.00,100 גרם,false,,22.90,6.1067,true,1,107165
7290112495105,false,נשנושים שמנת בצל 260,קריות זול,,נשנושים שמנת בצל 260,גרמים,260.00,100 גרם,false,,14.50,5.5769,true,1,107175
7290112495112,false,נשנושים זעתר 260גר,קריות זול,,נשנושים זעתר 260גר,גרמים,260.00,100 גרם,false,,14.50,5.5769,true,1,107176
7290112495150,false,נשנושים עגול מלוח 30,,,נשנושים עגול מלוח 30,גרמים,300.00,100 גרם,false,,14.50,4.8333,true,1,107168
7290112495174,false,קוקטייל שומשום 300גר,,,קוקטייל שומשום 300גר,גרמים,300.00,100 גרם,false,,14.50,4.8333,true,1,107170
7290112495471,false,קורנפלקס תלמה 500גר,,,קורנפלקס תלמה 500גר,גרמים,500.00,100 גרם,false,,18.90,3.7800,true,1,112535
7290112495662,false,קרקר חיטה מלאה עם פש,,,קרקר חיטה מלאה עם פש,גרמים,300.00,100 גרם,false,,9.90,3.3000,true,1,112531
7290112495747,false,רוטב צ'ילי מופחת סוכ,,,רוטב צ'ילי מופחת סוכ,גרמים,340.00,100 גרם,false,,14.90,4.3824,true,1,112519
7290112495754,false,הלמנס לסלט אלף האיים,,,הלמנס לסלט אלף האיים,גרמים,305.00,100 גרם,false,,14.90,4.8852,true,1,112517
7290112495761,false,הלמנס לסלט אלף האיים,,,הלמנס לסלט אלף האיים,גרמים,305.00,100 גרם,false,,14.90,4.8852,true,1,112515
7290112495785,false,הלמנס לסלט רוטב שום,,,הלמנס לסלט רוטב שום,גרמים,300.00,100 גרם,false,,14.90,4.9667,true,1,112516
7290112495808,false,הלמנס לסלט חרדל ודבש,,,הלמנס לסלט חרדל ודבש,גרמים,305.00,100 גרם,false,,14.90,4.8852,true,1,112514
7290112495815,false,רוטב חרדל דבש לייט ה,,,רוטב חרדל דבש לייט ה,גרמים,305.00,100 גרם,false,,14.90,4.8852,true,1,112951
7290112495822,false,כריות בלאק 686גר,,,כריות בלאק 686גר,גרמים,686.00,100 גרם,false,,27.90,4.0671,true,1,112521
7290112495976,false,פתית פריכיות שוקולד,,,פתית פריכיות שוקולד,גרמים,35.00,100 גרם,false,,4.90,14.0000,true,1,120681
7290112495983,false,פתית פריכיות שוקולד,,,פתית פריכיות שוקולד,גרמים,35.00,100 גרם,false,,4.90,14.0000,true,1,120682
7290112496027,false,אפיכל סירופ שוקולד 5,,,אפיכל סירופ שוקולד 5,גרמים,580.00,100 גרם,false,,15.90,2.7414,true,1,112527
7290112496034,false,אפיכל סירופ מייפל 58,,,אפיכל סירופ מייפל 58,גרמים,580.00,100 גרם,false,,15.90,2.7414,true,1,112528
7290112496218,false,רוטב טריאקי פחות50%,,,רוטב טריאקי פחות50%,גרמים,340.00,100 גרם,false,,14.90,4.3824,true,1,112934
7290112496270,false,"פתית צ'יפס תפו""א עם",,,"פתית צ'יפס תפו""א עם",גרמים,0.00,100 גרם,false,,4.90,0.0000,true,1,120688
7290112496287,false,פתית צ'יפס בטטה בטעם,,,פתית צ'יפס בטטה בטעם,גרמים,0.00,100 גרם,false,,4.90,0.0000,true,1,120689
7290112496294,false,פתית צ'יפס אפונה בתו,,,פתית צ'יפס אפונה בתו,גרמים,0.00,100 גרם,false,,4.90,0.0000,true,1,120690
7290112498052,false,פתית ציפס בטטה מארז,,,פתית ציפס בטטה מארז,גרמים,84.00,100 גרם,false,,15.90,18.9286,true,1,137775
7290112498106,false,פינוק תחליב רחצה שמן,קריות זול,,פינוק תחליב רחצה שמן,מיליליטרים,700.00,"100 מ""ל",false,,12.90,1.8429,true,1,128091
7290112498922,false,מיני מגנום לבן 250גר,,,מיני מגנום לבן 250גר,גרמים,250.00,100 גרם,false,,29.90,11.9600,true,1,136059
7290112499097,false,מאגדת מיני מגנום מרי,,,מאגדת מיני מגנום מרי,גרמים,240.00,100 גרם,false,,29.90,12.4583,true,1,138847
7290112499455,false,פינוק תחליב רחצה שמן,,,פינוק תחליב רחצה שמן,מיליליטרים,700.00,"100 מ""ל",false,,12.90,1.8429,true,1,135555
7290112499462,false,פינוק תחליב רחצה שמן,,,פינוק תחליב רחצה שמן,מיליליטרים,700.00,"100 מ""ל",false,,12.90,1.8429,true,1,135556
7290112499509,false,רקסונה ספריי נשים אפ,,,רקסונה ספריי נשים אפ,מיליליטרים,150.00,"100 מ""ל",false,,14.90,9.9333,true,1,140341
7290112499844,false,מיני מגנום דואט שוקו,,,מיני מגנום דואט שוקו,גרמים,310.00,100 גרם,false,,29.90,9.6452,true,1,112055
7290112499943,false,מיני מגנום קלאסיק שו,,,מיני מגנום קלאסיק שו,גרמים,250.00,100 גרם,false,,29.90,11.9600,true,1,112056
7290112700407,false,נר גדול מנצנץ זהב ענ,,,נר גדול מנצנץ זהב ענ,יחידה,0.00,יחידה,false,,8.90,0.0000,true,1,97884
7290112705471,false,קערה במבוק נסיכות,,,קערה במבוק נסיכות,יחידה,0.00,יחידה,false,,9.90,0.0000,true,1,107674
7290112961266,false,בייגלה כפיות פיוזור,,,בייגלה כפיות פיוזור,גרמים,300.00,100 גרם,false,,11.90,3.9667,true,1,99887
7290112961327,false,בייגלה כפיות פיוזור,,,בייגלה כפיות פיוזור,גרמים,300.00,100 גרם,false,,11.90,3.9667,true,1,99888
7290112961372,false,פיטנס חטיפי פריכיות,,,פיטנס חטיפי פריכיות,גרמים,60.00,100 גרם,false,,8.90,14.8333,true,1,99544
7290112962287,false,טבעול שווארמה טבעוני,,,טבעול שווארמה טבעוני,גרמים,450.00,100 גרם,false,,34.90,7.7556,true,1,112548
7290112962546,false,מאגדת לה פרוטה מלון,,,מאגדת לה פרוטה מלון,גרמים,350.00,100 גרם,false,,26.90,7.6857,true,1,99272
7290112963000,false,רוטב צ'ילי מתוק פחת,,,רוטב צ'ילי מתוק פחת,מיליליטרים,290.00,"100 מ""ל",false,,13.90,4.7931,true,1,112688
7290112963321,false,גרטיפי בייגלה שטוח ל,,,גרטיפי בייגלה שטוח ל,גרמים,300.00,100 גרם,false,,17.90,5.9667,true,1,120201
7290112963918,false,פיטנס קרקר דק רוזמרי,,,פיטנס קרקר דק רוזמרי,גרמים,140.00,100 גרם,false,,12.90,9.2143,true,1,102756
7290112964410,false,רוטב אלף האיים לסלט,,,רוטב אלף האיים לסלט,גרמים,290.00,100 גרם,false,,12.90,4.4483,true,1,100636
7290112964434,false,רוטב קיסר לסלט אסם 2,,,רוטב קיסר לסלט אסם 2,גרמים,295.00,100 גרם,false,,12.90,4.3729,true,1,100637
7290112964458,false,רוטב ויניגרט לסלט אס,,,רוטב ויניגרט לסלט אס,גרמים,295.00,100 גרם,false,,12.90,4.3729,true,1,100638
7290112964472,false,רוטב שום לסלט אסם 29,,,רוטב שום לסלט אסם 29,גרמים,290.00,100 גרם,false,,12.90,4.4483,true,1,100634
7290112964564,false,רוטב אלף האיים לייט,,,רוטב אלף האיים לייט,גרמים,295.00,100 גרם,false,,12.90,4.3729,true,1,100639
7290112964625,false,רוטב שום לייט לסלט א,,,רוטב שום לייט לסלט א,גרמים,310.00,100 גרם,false,,12.90,4.1613,true,1,100640
7290112965363,false,קציצות קינואה וברוקו,,,קציצות קינואה וברוקו,גרמים,525.00,100 גרם,false,,34.90,6.6476,true,1,107771
7290112965868,false,קרם קרקר במליחות עדי,,,קרם קרקר במליחות עדי,גרמים,250.00,100 גרם,false,,8.90,3.5600,true,1,107755
7290112965905,false,בייגלה שמיניות במליח,,,בייגלה שמיניות במליח,גרמים,400.00,100 גרם,false,,11.90,2.9750,true,1,107745
7290112965943,false,נאגטס ירקות ירוקים 5,,,נאגטס ירקות ירוקים 5,גרמים,500.00,100 גרם,false,,34.90,6.9800,true,1,120703
7290112965967,false,נאגטס ירקות כתומים 5,,,נאגטס ירקות כתומים 5,גרמים,500.00,100 גרם,false,,34.90,6.9800,true,1,120704
7290112966001,false,טבעול גורמה ארוחת יר,,,טבעול גורמה ארוחת יר,גרמים,450.00,100 גרם,false,,35.90,7.9778,true,1,139690
7290112966124,false,פתי בר מופחת סוכר אס,,,פתי בר מופחת סוכר אס,גרמים,500.00,100 גרם,false,,12.90,2.5800,true,1,107758
7290112966445,false,במבה מתוקה אסם 100 ג,,,במבה מתוקה אסם 100 ג,גרמים,100.00,100 גרם,false,,8.90,8.9000,true,1,106620
7290112966728,false,טחינה באלדי פלפלים ח,,,טחינה באלדי פלפלים ח,גרמים,350.00,100 גרם,false,,15.90,4.5429,true,1,107772
7290112966803,false,פודינג שוקולד אסם 88,קריות זול,,פודינג שוקולד אסם 88,גרמים,88.00,100 גרם,false,,5.90,6.7045,true,1,107730
7290112966841,false,פודינג שוקולד מריר א,קריות זול,,פודינג שוקולד מריר א,גרמים,90.00,100 גרם,false,,5.90,6.5556,true,1,107731
7290112967114,false,פיטנס חטיפי פריכיות,,,פיטנס חטיפי פריכיות,גרמים,60.00,100 גרם,false,,8.90,14.8333,true,1,112920
7290112967138,false,בייגלה שמיניות ללא ג,,,בייגלה שמיניות ללא ג,גרמים,250.00,100 גרם,false,,14.50,5.8000,true,1,107749
7290112967381,false,פיטנס חטיפי פריכיות,,,פיטנס חטיפי פריכיות,גרמים,60.00,100 גרם,false,,8.90,14.8333,true,1,112921
7290112968807,false,פיטנס קרקר דק סלק 14,,,פיטנס קרקר דק סלק 14,גרמים,140.00,100 גרם,false,,12.90,9.2143,true,1,128101
7290112968821,false,פיטנס קרקר דק בטטה 1,,,פיטנס קרקר דק בטטה 1,גרמים,140.00,100 גרם,false,,12.90,9.2143,true,1,128102
7290112969071,false,פסטה פרפקטו רדיאטורי,,,פסטה פרפקטו רדיאטורי,גרמים,500.00,100 גרם,false,,11.90,2.3800,true,1,113180
7290112969903,false,נאגטס ירקות לבנים 50,,,נאגטס ירקות לבנים 50,גרמים,500.00,100 גרם,false,,34.90,6.9800,true,1,120705
7290113190450,false,ממרח תמרים 450 גרם ש,,,ממרח תמרים 450 גרם ש,גרמים,450.00,100 גרם,false,,5.90,1.3111,true,1,99777
7290113192218,false,תערובת להכנת מלבי 50,,,תערובת להכנת מלבי 50,גרמים,500.00,100 גרם,false,,14.90,2.9800,true,1,112972
7290113192300,false,חרוזית מושחר 275גרם,,,חרוזית מושחר 275גרם,גרמים,275.00,100 גרם,false,,10.90,3.9636,true,1,120068
7290113192317,false,טבעות זיתים מושחרים,,,טבעות זיתים מושחרים,גרמים,280.00,100 גרם,false,,11.90,4.2500,true,1,120069
7290113192331,false,זיתים ירוקים שלמים ג,,,זיתים ירוקים שלמים ג,גרמים,560.00,100 גרם,false,,10.90,1.9464,true,1,127875
7290113192348,false,זית ירוק טעם שום 17-,,,זית ירוק טעם שום 17-,גרמים,340.00,100 גרם,false,,10.90,3.2059,true,1,120070
7290113192355,false,חרוזית ירוק 275גרם ב,,,חרוזית ירוק 275גרם ב,גרמים,275.00,100 גרם,false,,10.90,3.9636,true,1,120071
7290113192362,false,טבעות זיתים ירוקים 2,,,טבעות זיתים ירוקים 2,גרמים,280.00,100 גרם,false,,10.90,3.8929,true,1,120072
7290113192379,false,זיתים ירוקים מבוקעים,,,זיתים ירוקים מבוקעים,גרמים,340.00,100 גרם,false,,11.50,3.3824,true,1,120073
7290113192386,false,זית סורי מבוקע 340גר,,,זית סורי מבוקע 340גר,גרמים,340.00,100 גרם,false,,11.90,3.5000,true,1,120074
7290113192478,false,מלפפון במלח בינוניים,,,מלפפון במלח בינוניים,גרמים,320.00,100 גרם,false,,8.90,2.7813,true,1,120083
7290113192485,false,מלפפון בחומץ 10-12 2,,,מלפפון בחומץ 10-12 2,גרמים,290.00,100 גרם,false,,8.90,3.0690,true,1,120084
7290113192492,false,מלפפון בחומץ קטנים 1,,,מלפפון בחומץ קטנים 1,גרמים,290.00,100 גרם,false,,10.90,3.7586,true,1,120085
7290113192508,false,מלפפון במלח קטנים 13,,,מלפפון במלח קטנים 13,גרמים,320.00,100 גרם,false,,10.90,3.4063,true,1,120087
7290113192515,false,מלפפון במלח 18-25 קט,,,מלפפון במלח 18-25 קט,גרמים,320.00,100 גרם,false,,12.90,4.0313,true,1,120090
7290113192522,false,מלפפון בחומץ 18-25 ק,,,מלפפון בחומץ 18-25 ק,גרמים,290.00,100 גרם,false,,12.90,4.4483,true,1,120091
7290113192539,false,מלפפון במלח גדולים 7,,,מלפפון במלח גדולים 7,גרמים,320.00,100 גרם,false,,7.90,2.4688,true,1,120092
7290113192546,false,מלפפון בחומץ גדולים,,,מלפפון בחומץ גדולים,גרמים,290.00,100 גרם,false,,7.90,2.7241,true,1,120094
7290113192553,false,מלפפון במלח בלדי 13-,,,מלפפון במלח בלדי 13-,גרמים,320.00,100 גרם,false,,10.90,3.4063,true,1,120095
7290113192560,false,פלפל שיפקה א2 230 גר,,,פלפל שיפקה א2 230 גר,גרמים,230.00,100 גרם,false,,6.90,3.0000,true,1,127008
7290113192577,false,כרוב כבוש א2 430 גרם,,,כרוב כבוש א2 430 גרם,גרמים,430.00,100 גרם,false,,8.40,1.9535,true,1,127009
7290113192881,false,טורטיה חיטה מופחתת ק,,,טורטיה חיטה מופחתת ק,גרמים,270.00,100 גרם,false,,9.90,3.6667,true,1,120827
7290113192997,false,זית שחור יבש 340 גרם,,,זית שחור יבש 340 גרם,גרמים,340.00,100 גרם,false,,14.50,4.2647,true,1,127010
7290113193000,false,פלפל שיפקונית 230 גר,,,פלפל שיפקונית 230 גר,גרמים,230.00,100 גרם,false,,11.90,5.1739,true,1,127011
7290113193017,false,קוקטייל זיתים חרוזית,,,קוקטייל זיתים חרוזית,גרמים,275.00,100 גרם,false,,14.50,5.2727,true,1,127012
7290113193406,false,קוקטייל זיתים טבעות,,,קוקטייל זיתים טבעות,גרמים,280.00,100 גרם,false,,14.50,5.1786,true,1,127014
7290113193888,false,חצילים מוחמצים 320 ג,,,חצילים מוחמצים 320 ג,גרמים,320.00,100 גרם,false,,11.90,3.7188,true,1,135346
7290113194090,false,זית קלמטה טבעות 280,,,זית קלמטה טבעות 280,גרמים,280.00,100 גרם,false,,14.50,5.1786,true,1,127016
7290113195066,false,חלבה טורקית בטעם וני,,,חלבה טורקית בטעם וני,גרמים,400.00,100 גרם,false,,12.90,3.2250,true,1,135199
7290113195073,false,חלבה טורקית עם פיסטו,,,חלבה טורקית עם פיסטו,גרמים,400.00,100 גרם,false,,14.90,3.7250,true,1,135198
7290113195080,false,חלבה טורקית בטעם שוק,,,חלבה טורקית בטעם שוק,גרמים,400.00,100 גרם,false,,12.90,3.2250,true,1,135200
7290113195196,false,רסק תפוחי עץ 710 גרם,,,רסק תפוחי עץ 710 גרם,גרמים,710.00,100 גרם,false,,10.90,1.5352,true,1,135201
7290113195363,false,שמן חמניות מזוכך בית,,,שמן חמניות מזוכך בית,מיליליטרים,1000.00,"100 מ""ל",false,,11.90,1.1900,true,1,137364
7290113195967,false,שיבולת שועל 500גרם פ,,,שיבולת שועל 500גרם פ,גרמים,500.00,100 גרם,false,,9.90,1.9800,true,1,135209
7290113196001,false,פסטה ספגטי שקדיה 500,,,פסטה ספגטי שקדיה 500,גרמים,500.00,100 גרם,false,,5.90,1.1800,true,1,140322
7290113196018,false,פסטה ביסלי שקדיה 500,,,פסטה ביסלי שקדיה 500,גרמים,500.00,100 גרם,false,,5.90,1.1800,true,1,140323
7290113196339,false,מלפפונים קורנישונים,,,מלפפונים קורנישונים,יחידה,0.00,יחידה,false,,9.90,0.0000,true,1,137206
7290113196414,false,"אורז בסמטי 1 ק""ג שקד",קריות זול,,"אורז בסמטי 1 ק""ג שקד",גרמים,1000.00,100 גרם,false,,12.90,1.2900,true,1,137839
7290113196902,false,מנה חמה אטריות אורז,קריות זול,,מנה חמה אטריות אורז,גרמים,60.00,100 גרם,false,,7.90,13.1667,true,1,140328
7290113196919,false,מנה חמה אטריות אורז,קריות זול,,מנה חמה אטריות אורז,גרמים,60.00,100 גרם,false,,7.90,13.1667,true,1,140330
7290113196933,false,מנה חמה אטריות אורז,קריות זול,,מנה חמה אטריות אורז,גרמים,60.00,100 גרם,false,,7.90,13.1667,true,1,140331
7290113197176,false,חמאת בוטנים טבעית עם,,,חמאת בוטנים טבעית עם,גרמים,510.00,100 גרם,false,,17.90,3.5098,true,1,140333
7290113198579,false,סוכריות גומי דובונים,,,סוכריות גומי דובונים,גרמים,200.00,100 גרם,false,,10.00,5.0000,true,1,139269
7290113198586,false,סוכריות גומי מסוכרות,,,סוכריות גומי מסוכרות,גרמים,200.00,100 גרם,false,,10.00,5.0000,true,1,139270
7290113198593,false,סוכריות גומי מסוכרות,,,סוכריות גומי מסוכרות,גרמים,200.00,100 גרם,false,,10.00,5.0000,true,1,139268
7290113198609,false,סוכריות גומי נחשים ב,,,סוכריות גומי נחשים ב,גרמים,200.00,100 גרם,false,,10.00,5.0000,true,1,139267
7290113199323,false,טורטיה מיני 150 גרם,,,טורטיה מיני 150 גרם,גרמים,150.00,100 גרם,false,,4.90,3.2667,true,1,140327
7290113199675,false,גרנולה שיבולת שועל ע,,,גרנולה שיבולת שועל ע,גרמים,500.00,100 גרם,false,,10.90,2.1800,true,1,139867
7290113199682,false,גרנולה שיבולת שועל ע,,,גרנולה שיבולת שועל ע,גרמים,500.00,100 גרם,false,,10.90,2.1800,true,1,139864
7290113199897,false,סוכריות חמצוצים בטעם,,,סוכריות חמצוצים בטעם,גרמים,200.00,100 גרם,false,,10.00,5.0000,true,1,139272
7290113199903,false,סוכריות חמצוצים בטעם,,,סוכריות חמצוצים בטעם,גרמים,200.00,100 גרם,false,,10.00,5.0000,true,1,139273
7290113199910,false,סוכריות חמצוצים בטעם,,,סוכריות חמצוצים בטעם,גרמים,200.00,100 גרם,false,,10.00,5.0000,true,1,139274
7290113199927,false,סוכריות חמצוצים בטעמ,,,סוכריות חמצוצים בטעמ,גרמים,200.00,100 גרם,false,,10.00,5.0000,true,1,139276
7290113199934,false,סוכריות חמצוצים בטעם,,,סוכריות חמצוצים בטעם,גרמים,200.00,100 גרם,false,,10.00,5.0000,true,1,139275
7290113560055,false,פרודונטקס מי פה 559,,,פרודונטקס מי פה 559,מיליליטרים,559.00,"100 מ""ל",false,,31.90,5.7066,true,1,136983
7290113594142,false,בקבוק טריטן עם צמידי,,,בקבוק טריטן עם צמידי,מיליליטרים,700.00,"100 מ""ל",false,,19.90,2.8429,true,1,140600
7290113594432,false,אצבעות שוקולד ממולא,,,אצבעות שוקולד ממולא,גרמים,50.00,100 גרם,false,,4.90,9.8000,true,1,135083
7290113594494,false,אצבעות שוקולד ממולא,,,אצבעות שוקולד ממולא,גרמים,50.00,100 גרם,false,,4.90,9.8000,true,1,135084
7290113595873,false,מיני ביצי שוקולד עם,קריות זול,,מיני ביצי שוקולד עם,גרמים,39.00,100 גרם,false,,5.90,15.1282,true,1,135090
7290113597129,false,צלחת במבוק 23 בייבי,,,צלחת במבוק 23 בייבי,יחידה,0.00,יחידה,false,,9.90,0.0000,true,1,107653
7290113622548,false,פסטה ללא גלוטן אפונה,,,פסטה ללא גלוטן אפונה,גרמים,250.00,100 גרם,false,,12.90,5.1600,true,1,135940
7290114310338,false,צפתית מעודנת  225גר,קריות זול,,צפתית מעודנת  225גר,גרמים,225.00,100 גרם,false,,18.90,8.4000,true,1,134944
7290114310345,false,מוו מעדן חלב בטעם תו,,,מוו מעדן חלב בטעם תו,גרמים,125.00,100 גרם,false,,3.00,2.4000,true,1,128330
7290114310536,false,מולר אקטיב לייט יוגו,,,מולר אקטיב לייט יוגו,גרמים,200.00,100 גרם,false,,6.50,3.2500,true,1,136302
7290114310611,false,"משקה חלב בננה 250 מ""",,,"משקה חלב בננה 250 מ""",מיליליטרים,250.00,"100 מ""ל",false,,5.40,2.1600,true,1,136304
7290114310901,false,גבינה לבנה 5% מהדרין,,,גבינה לבנה 5% מהדרין,גרמים,250.00,100 גרם,false,,4.98,1.9920,true,1,137185
7290114310918,false,קוטג מועשר 5% 250גר,,,קוטג מועשר 5% 250גר,גרמים,250.00,100 גרם,false,,5.90,2.3600,true,1,137183
7290114311014,false,משקה אייס קפוצינו טר,,,משקה אייס קפוצינו טר,מיליליטרים,250.00,"100 מ""ל",false,,5.40,2.1600,true,1,139570
7290114311038,false,שמנת להקצפה טרה 32%,,,שמנת להקצפה טרה 32%,מיליליטרים,250.00,"100 מ""ל",false,,7.50,3.0000,true,1,139621
7290114311298,false,מולר פרופ קציפת תות,,,מולר פרופ קציפת תות,גרמים,150.00,100 גרם,false,,5.10,3.4000,true,1,140077
7290114311328,false,חלב נטול לקטוז מועשר,,,חלב נטול לקטוז מועשר,מיליליטרים,1000.00,"100 מ""ל",false,,8.00,0.8000,true,1,140440
7290114311359,false,מולר פרופ קציפת מנגו,,,מולר פרופ קציפת מנגו,גרמים,150.00,100 גרם,false,,5.10,3.4000,true,1,140184
7290114600828,false,פרי חטיף אורז שחור 2,,,פרי חטיף אורז שחור 2,גרמים,25.00,100 גרם,false,,5.90,23.6000,true,1,120000
7290114655903,false,בקבוק טריטן עם צמידי,,,בקבוק טריטן עם צמידי,מיליליטרים,700.00,"100 מ""ל",false,,19.90,2.8429,true,1,140602
7290114655934,false,בקבוק טריטן עם צמידי,,,בקבוק טריטן עם צמידי,מיליליטרים,700.00,"100 מ""ל",false,,19.90,2.8429,true,1,140603
7290115073713,false,שלישיית ביצי שוקולד-,,,שלישיית ביצי שוקולד-,יחידה,0.00,יחידה,false,,12.90,0.0000,true,1,139783
7290115190014,false,מרלבורו אדום קצר,,,מרלבורו אדום קצר,יחידה,0.00,יחידה,false,,35.50,0.0000,false,1,128357
7290115190090,false,מרלבורו גולד קצר,,,מרלבורו גולד קצר,יחידה,0.00,יחידה,false,,35.50,0.0000,false,1,128332
7290115190137,false,מרלבורו פיין טאצ,,,מרלבורו פיין טאצ,יחידה,0.00,יחידה,false,,35.50,0.0000,false,1,128353
7290115190151,false,מרלבורו כחול טאצ,,,מרלבורו כחול טאצ,יחידה,0.00,יחידה,false,,35.50,0.0000,false,1,128349
7290115190335,false,אל אם בלו 100,,,אל אם בלו 100,יחידה,0.00,יחידה,false,,32.00,0.0000,false,1,136300
7290115190359,false,אל אם כחול קצר,,,אל אם כחול קצר,יחידה,0.00,יחידה,false,,32.00,0.0000,false,1,128132
7290115190519,false,נקסט פיין,קריות זול,,נקסט פיין,יחידה,0.00,יחידה,false,,30.00,0.0000,false,1,128342
7290115200003,false,פתי בר פינוקי וניל 2,קריות זול,,פתי בר פינוקי וניל 2,גרמים,220.00,100 גרם,false,,12.70,5.7727,true,1,120759
7290115200676,false,קרמוגית קרמל מלוח אס,קריות זול,,קרמוגית קרמל מלוח אס,גרמים,200.00,100 גרם,false,,12.70,6.3500,true,1,126987
7290115200881,false,בייגלה שטוחים שומשום,,,בייגלה שטוחים שומשום,גרמים,300.00,100 גרם,false,,11.90,3.9667,true,1,128988
7290115201475,false,טבעול גורמה לביבות כ,,,טבעול גורמה לביבות כ,גרמים,434.00,100 גרם,false,,35.90,8.2719,true,1,139877
7290115201680,false,ביסלי ברביקיו אסם 70,,,ביסלי ברביקיו אסם 70,גרמים,70.00,100 גרם,false,,4.90,7.0000,true,1,128103
7290115201703,false,ביסלי ברביקיו אסם 20,,,ביסלי ברביקיו אסם 20,גרמים,200.00,100 גרם,false,,9.50,4.7500,true,1,128099
7290115201727,false,ביסלי בטעם בצל אסם 2,,,ביסלי בטעם בצל אסם 2,גרמים,200.00,100 גרם,false,,9.50,4.7500,true,1,128097
7290115202748,false,קטשופ אסם על האש 710,,,קטשופ אסם על האש 710,גרמים,710.00,100 גרם,false,,11.90,1.6761,true,1,136003
7290115203172,false,במבה פרו 80 גרם,קריות זול,,במבה פרו 80 גרם,גרמים,80.00,100 גרם,false,,4.90,6.1250,true,1,140405
7290115204056,false,קטשופ 56% פחות סוכר,קריות זול,,קטשופ 56% פחות סוכר,גרמים,690.00,100 גרם,false,,10.90,1.5797,true,1,137084
7290115204155,false,סחוג אדום צבר 190גר,,,סחוג אדום צבר 190גר,גרמים,190.00,100 גרם,false,,13.90,7.3158,true,1,139698
7290115204186,false,צבר ממרח פסטו 190 גר,,,צבר ממרח פסטו 190 גר,גרמים,190.00,100 גרם,false,,16.90,8.8947,true,1,138692
7290115204247,false,צבר ממרח עגבניות מיו,,,צבר ממרח עגבניות מיו,גרמים,190.00,100 גרם,false,,16.90,8.8947,true,1,138693
7290115205176,false,פיטנס קרקר דק כפרי 1,,,פיטנס קרקר דק כפרי 1,גרמים,140.00,100 גרם,false,,12.90,9.2143,true,1,137736
7290115205312,false,פיטנס קרקר דק זיתים,,,פיטנס קרקר דק זיתים,גרמים,140.00,100 גרם,false,,12.90,9.2143,true,1,139519
7290115205695,false,בצק לפיצה מצונן בונז,,,בצק לפיצה מצונן בונז,גרמים,460.00,100 גרם,false,,19.90,4.3261,true,1,139918
7290115205718,false,בצק עלים מצונן בונזו,,,בצק עלים מצונן בונזו,גרמים,230.00,100 גרם,false,,17.90,7.7826,true,1,139919
7290115206135,false,טבעול גורמה ארוחת קי,,,טבעול גורמה ארוחת קי,גרמים,450.00,100 גרם,false,,35.90,7.9778,true,1,139691
7290115206173,false,פתי בר קרמל אסם 500,,,פתי בר קרמל אסם 500,גרמים,500.00,100 גרם,false,,14.90,2.9800,true,1,137107
7290115206333,false,עוגיות מיני שוקוציפס,קריות זול,,עוגיות מיני שוקוציפס,גרמים,225.00,100 גרם,false,,11.50,5.1111,true,1,139072
7290115206890,false,ביסלי המבורגר אסם 70,,,ביסלי המבורגר אסם 70,גרמים,70.00,100 גרם,false,,4.90,7.0000,true,1,140407
7290115207361,false,פתי בר פיסטוק אסם 50,,,פתי בר פיסטוק אסם 50,גרמים,500.00,100 גרם,false,,14.90,2.9800,true,1,139521
7290115207620,false,רוטב בסגנון סויה קלא,,,רוטב בסגנון סויה קלא,מיליליטרים,290.00,"100 מ""ל",false,,15.90,5.4828,true,1,139524
7290115207682,false,רוטב בסגנון סויה סינ,,,רוטב בסגנון סויה סינ,מיליליטרים,290.00,"100 מ""ל",false,,12.90,4.4483,true,1,139522
7290115207798,false,טבעול בורגר חריף טבע,,,טבעול בורגר חריף טבע,גרמים,420.00,100 גרם,false,,33.90,8.0714,true,1,139079
7290115207941,false,ויטמינציק אננס 1 ליט,,,ויטמינציק אננס 1 ליט,מיליליטרים,1000.00,"100 מ""ל",false,,21.90,2.1900,true,1,138737
7290115207965,false,ויטמינציק מנגו אפרסק,,,ויטמינציק מנגו אפרסק,מיליליטרים,1000.00,"100 מ""ל",false,,21.90,2.1900,true,1,138738
7290115208009,false,ויטמינציק ענבים  1 ל,,,ויטמינציק ענבים  1 ל,מיליליטרים,1000.00,"100 מ""ל",false,,21.90,2.1900,true,1,138740
7290115208047,false,ויטמינציק פטל 1 ליטר,,,ויטמינציק פטל 1 ליטר,מיליליטרים,1000.00,"100 מ""ל",false,,21.90,2.1900,true,1,138736
7290115208061,false,ויטמינציק תפוח 1 ליט,,,ויטמינציק תפוח 1 ליט,מיליליטרים,1000.00,"100 מ""ל",false,,21.90,2.1900,true,1,138741
7290115208566,false,קרמוגית מיניס קרם בי,,,קרמוגית מיניס קרם בי,גרמים,200.00,100 גרם,false,,12.70,6.3500,true,1,140240
7290115208597,false,קרמוגית מיניס קרמל מ,,,קרמוגית מיניס קרמל מ,גרמים,200.00,100 גרם,false,,12.70,6.3500,true,1,140239
7290115208801,false,לחמית דבש ואגוזים 19,,,לחמית דבש ואגוזים 19,גרמים,190.00,100 גרם,false,,11.90,6.2632,true,1,140408
7290115209198,false,במבה אורירית אסם 80,קריות זול,,במבה אורירית אסם 80,גרמים,80.00,100 גרם,false,,4.90,6.1250,true,1,139880
7290115405088,false,קינוח אישי קדאיף חלב,,,קינוח אישי קדאיף חלב,גרמים,200.00,100 גרם,false,,15.90,7.9500,true,1,127974
7290115405118,false,קינוח אישי תענוג תות,,,קינוח אישי תענוג תות,גרמים,200.00,100 גרם,false,,15.90,7.9500,true,1,127977
7290115405774,false,פחזניות ממולאות בטעם,,,פחזניות ממולאות בטעם,גרמים,180.00,100 גרם,false,,14.90,8.2778,true,1,140279
7290115480009,false,סוד מרכך מרוכז פרש ק,,,סוד מרכך מרוכז פרש ק,מיליליטרים,900.00,"100 מ""ל",false,,14.90,1.6556,true,1,138094
7290115480016,false,סוד קפסולות ג'ל 3+1,,,סוד קפסולות ג'ל 3+1,יחידה,0.00,יחידה,false,,29.90,0.0000,true,1,140248
7290115671339,false,מיני פינוקיות בראוני,,,מיני פינוקיות בראוני,גרמים,180.00,100 גרם,false,,10.90,6.0556,true,1,137057
7290115671346,false,מיני פינוקיות טופי,,,מיני פינוקיות טופי,גרמים,180.00,100 גרם,false,,10.90,6.0556,true,1,137058
7290115671353,false,מיני פינוקיות שחור ל,,,מיני פינוקיות שחור ל,גרמים,180.00,100 גרם,false,,10.90,6.0556,true,1,138524
7290115671421,false,פולי קפה אספרסו עשיר,,,פולי קפה אספרסו עשיר,גרמים,250.00,100 גרם,false,,22.90,9.1600,true,1,139554
7290115675696,false,דגני בוקר קוואקר קרו,,,דגני בוקר קוואקר קרו,גרמים,375.00,100 גרם,false,,22.90,6.1067,true,1,137440
7290115675719,false,דגני בוקר קוואקר קרו,,,דגני בוקר קוואקר קרו,גרמים,375.00,100 גרם,false,,22.90,6.1067,true,1,137442
7290115676051,false,אקטיביה משקה שיבולת,,,אקטיביה משקה שיבולת,גרמים,265.00,100 גרם,false,,5.40,2.0377,true,1,137990
7290115676082,false,דנונה פרו משקה בטעם,,,דנונה פרו משקה בטעם,גרמים,255.00,100 גרם,false,,7.50,2.9412,true,1,136407
7290115676099,false,דנונה פרו משקה בטעם,,,דנונה פרו משקה בטעם,גרמים,255.00,100 גרם,false,,7.50,2.9412,true,1,136408
7290115677409,false,אורז קארי צהוב דלישס,,,אורז קארי צהוב דלישס,גרמים,350.00,100 גרם,false,,28.90,8.2571,true,1,141264
7290115677966,false,ממרח אבוקדו טעם הטבע,,,ממרח אבוקדו טעם הטבע,גרמים,200.00,100 גרם,false,,15.90,7.9500,true,1,138118
7290115678222,false,יוגורט יווני 6.5% שו,,,יוגורט יווני 6.5% שו,גרמים,1040.00,100 גרם,false,,25.90,2.4904,true,1,136412
7290115678376,false,מעדן הגולן שוקולד 12,קריות זול,,מעדן הגולן שוקולד 12,גרמים,125.00,100 גרם,false,,3.10,2.4800,true,1,137049
7290115678383,false,מעדן הגולן שוקולד מר,קריות זול,,מעדן הגולן שוקולד מר,גרמים,125.00,100 גרם,false,,3.10,2.4800,true,1,137050
7290115678598,false,חסה אייסברג חיתוך גס,קריות זול,,חסה אייסברג חיתוך גס,גרמים,300.00,100 גרם,false,,10.90,3.6333,true,1,137998
7290115679878,false,פיצה סלק 320 גרם דלי,,,פיצה סלק 320 גרם דלי,גרמים,320.00,100 גרם,false,,29.90,9.3437,true,1,141266
7290115679885,false,פיצה כרובית 320 גרם,,,פיצה כרובית 320 גרם,גרמים,320.00,100 גרם,false,,29.90,9.3437,true,1,141267
7290116530062,false,רוטב ויניגרט לסלט 29,,,רוטב ויניגרט לסלט 29,גרמים,300.00,100 גרם,false,,14.90,4.9667,true,1,136626
7290116530147,false,פינוק תחליב רחצה שיי,,,פינוק תחליב רחצה שיי,מיליליטרים,700.00,"100 מ""ל",false,,12.90,1.8429,true,1,135559
7290116530161,false,פינוק תחליב רחצה שיי,,,פינוק תחליב רחצה שיי,מיליליטרים,700.00,"100 מ""ל",false,,12.90,1.8429,true,1,135557
7290116531090,false,דג דג חטיף אפוי במלי,,,דג דג חטיף אפוי במלי,גרמים,250.00,100 גרם,false,,10.90,4.3600,true,1,138607
7290116531496,false,קינמונים דגנים פריכי,קריות זול,,קינמונים דגנים פריכי,גרמים,375.00,100 גרם,false,,22.90,6.1067,true,1,139068
7290116531564,false,פתית פריכיות קינואה,,,פתית פריכיות קינואה,גרמים,150.00,100 גרם,false,,11.90,7.9333,true,1,138972
7290116531762,false,בדין דפים למייבש וור,קריות זול,,בדין דפים למייבש וור,יחידה,0.00,יחידה,false,,19.90,0.0000,true,1,138969
7290116531779,false,בדין דפי מרכך כחול 4,קריות זול,,בדין דפי מרכך כחול 4,יחידה,0.00,יחידה,false,,19.90,0.0000,true,1,138970
7290116531793,false,רוטב לסלט קיסר הלמנס,,,רוטב לסלט קיסר הלמנס,גרמים,295.00,100 גרם,false,,14.90,5.0508,true,1,137648
7290116531854,false,פינוק תחליב רחצה שיי,,,פינוק תחליב רחצה שיי,מיליליטרים,700.00,"100 מ""ל",false,,12.90,1.8429,true,1,139063
7290116532240,false,קליק טבלה שוקולד חלב,,,קליק טבלה שוקולד חלב,גרמים,85.00,100 גרם,false,,6.90,8.1176,true,1,139412
7290116532271,false,גודיז סנדוויץ מאגדת,קריות זול,,גודיז סנדוויץ מאגדת,גרמים,270.00,100 גרם,false,,31.90,11.8148,true,1,140048
7290116532622,false,פינוק מרכך גוגי ברי,,,פינוק מרכך גוגי ברי,מיליליטרים,700.00,"100 מ""ל",false,,13.90,1.9857,true,1,139613
7290116532738,false,רוטב איטלקי 295 גר,,,רוטב איטלקי 295 גר,גרמים,295.00,100 גרם,false,,14.90,5.0508,true,1,140752
7290116532882,false,נשנושים איירביס טעם,קריות זול,,נשנושים איירביס טעם,גרמים,260.00,100 גרם,false,,14.50,5.5769,true,1,140747
7290116533063,false,שוגי קרטיב ענבים 400,,,שוגי קרטיב ענבים 400,גרמים,400.00,100 גרם,false,,19.90,4.9750,true,1,139805
7290116533094,false,פינוק שמפו לשיער ניח,,,פינוק שמפו לשיער ניח,מיליליטרים,700.00,"100 מ""ל",false,,13.90,1.9857,true,1,140344
7290116533100,false,פינוק מרכך לשיער ניח,,,פינוק מרכך לשיער ניח,מיליליטרים,700.00,"100 מ""ל",false,,13.90,1.9857,true,1,140345
7290116851372,false,כף אשפה קטן,,,כף אשפה קטן,יחידה,0.00,יחידה,false,,5.90,0.0000,true,1,138942
7290116914459,false,מארז סוכריות על מקל,,,מארז סוכריות על מקל,גרמים,600.00,100 גרם,false,,19.90,3.3167,true,1,140612
7290116914503,false,מארז סוכריות על מקל,,,מארז סוכריות על מקל,גרמים,600.00,100 גרם,false,,19.90,3.3167,true,1,140615
7290116930015,false,חטיף חלבון גו בטעם ק,,,חטיף חלבון גו בטעם ק,גרמים,60.00,100 גרם,false,,12.90,21.5000,true,1,139513
7290116930282,false,ארוחה בקטנה לאבנה עם,,,ארוחה בקטנה לאבנה עם,גרמים,150.00,100 גרם,false,,8.50,5.6667,true,1,140723
7290116930435,false,יוגורט גו סמיך 0% דו,,IL,יוגורט גו סמיך 0% דו,גרמים,200.00,100 גרם,false,,5.90,2.9500,true,1,139707
7290116930442,false,יופלה שייק בננה  מנג,,,יופלה שייק בננה  מנג,מיליליטרים,230.00,"100 מ""ל",false,,8.70,3.7826,true,1,139809
7290116930459,false,יופלה שייק בננה  אננ,,,יופלה שייק בננה  אננ,מיליליטרים,230.00,"100 מ""ל",false,,8.70,3.7826,true,1,139810
7290116930466,false,יופלה שייק מנגו  בננ,,,יופלה שייק מנגו  בננ,מיליליטרים,230.00,"100 מ""ל",false,,8.70,3.7826,true,1,139811
7290116930480,false,יופלה שייק בננה  קיו,,,יופלה שייק בננה  קיו,מיליליטרים,230.00,"100 מ""ל",false,,8.70,3.7826,true,1,139812
7290116930718,false,מעדן תנובה דיאט שוקו,קריות זול,,מעדן תנובה דיאט שוקו,מיליליטרים,150.00,"100 מ""ל",false,,4.10,2.7333,true,1,140223
7290116930725,false,סויה ביו קוקוס 150ג,,,סויה ביו קוקוס 150ג,גרמים,150.00,100 גרם,false,,4.80,3.2000,true,1,140423
7290116931074,false,פרוסות טל העמק 32% 3,,,פרוסות טל העמק 32% 3,גרמים,300.00,100 גרם,false,,29.90,9.9667,true,1,140720
7290117260074,false,שעועית ירוקה חתוכה מ,,,שעועית ירוקה חתוכה מ,גרמים,800.00,100 גרם,false,,9.90,1.2375,true,1,140808
7290117260456,false,גבינה בולגרית מעודנת,,,גבינה בולגרית מעודנת,גרמים,200.00,100 גרם,false,,10.90,5.4500,true,1,139840
7290117260593,false,חטיף קראנצ'י על בסיס,,,חטיף קראנצ'י על בסיס,גרמים,80.00,100 גרם,false,,8.90,11.1250,true,1,140644
7290117260890,false,פופקורן בציפוי בטעם,,,פופקורן בציפוי בטעם,גרמים,90.00,100 גרם,false,,6.90,7.6667,true,1,139098
7290117261378,false,גבינת קשקבל לייט 8%,,,גבינת קשקבל לייט 8%,גרמים,250.00,100 גרם,false,,16.90,6.7600,true,1,140033
7290117261521,false,סלמון אטלנטי בשמן קנ,קריות זול,,סלמון אטלנטי בשמן קנ,גרמים,120.00,100 גרם,false,,12.90,10.7500,true,1,140693
7290117261545,false,סלמון אטלנטי ברוטב ט,קריות זול,,סלמון אטלנטי ברוטב ט,גרמים,120.00,100 גרם,false,,12.90,10.7500,true,1,140700
7290117261569,false,סלמון אטלנטי מעושן ב,קריות זול,,סלמון אטלנטי מעושן ב,גרמים,120.00,100 גרם,false,,12.90,10.7500,true,1,140694
7290117261583,false,סרדינים בריסלינג מעו,קריות זול,,סרדינים בריסלינג מעו,גרמים,185.00,100 גרם,false,,14.90,8.0541,true,1,141123
7290117261590,false,סרדינים בריסלינג מעו,קריות זול,,סרדינים בריסלינג מעו,גרמים,185.00,100 גרם,false,,14.90,8.0541,true,1,141125
7290117261705,false,חמאת עיזים 200גר,,,חמאת עיזים 200גר,גרמים,200.00,100 גרם,false,,14.90,7.4500,true,1,139843
7290117262160,false,גבינה כפרית חצי קשה,,,גבינה כפרית חצי קשה,גרמים,200.00,100 גרם,false,,14.90,7.4500,true,1,140710
7290117262221,false,משקה יוגורט פרוביוטי,,,משקה יוגורט פרוביוטי,מיליליטרים,200.00,"100 מ""ל",false,,5.90,2.9500,true,1,140627
7290117262238,false,משקה יוגורט פרוביוטי,,,משקה יוגורט פרוביוטי,מיליליטרים,200.00,"100 מ""ל",false,,5.90,2.9500,true,1,140628
7290117262245,false,משקה יוגורט פרוביוטי,,,משקה יוגורט פרוביוטי,מיליליטרים,200.00,"100 מ""ל",false,,5.90,2.9500,true,1,140629
7290117382325,false,סלים דליס פרו 33 חטי,,,סלים דליס פרו 33 חטי,גרמים,60.00,100 גרם,false,,13.90,23.1667,true,1,140924
7290117382332,false,סלים דליס פרו 33 חטי,,,סלים דליס פרו 33 חטי,גרמים,60.00,100 גרם,false,,13.90,23.1667,true,1,140926
7290117901250,false,ממרח עגבניות מיובשות,,,ממרח עגבניות מיובשות,גרמים,290.00,100 גרם,false,,15.90,5.4828,true,1,140903
7296049224603,false,ניקולטי סט 3 מגבות מ,,,ניקולטי סט 3 מגבות מ,יחידה,0.00,יחידה,false,,10.90,0.0000,true,1,140789
7296058000526,false,פריכיות כוסמת 130גר,,,פריכיות כוסמת 130גר,גרמים,130.00,100 גרם,false,,7.90,6.0769,true,1,93034
7296058110010,false,פריכיות אורז מלא 110,,,פריכיות אורז מלא 110,גרמים,110.00,100 גרם,false,,4.90,4.4545,true,1,135060
7296077003102,false,מפיץ ריח בקבוק,,,מפיץ ריח בקבוק,יחידה,0.00,יחידה,false,,9.90,0.0000,true,1,97950
7296082000035,false,ביצים פלוס אומגה3 6י,,,ביצים פלוס אומגה3 6י,יח',6.00,יח',false,,15.90,2.6500,true,1,21929
7296082000066,false,ביצים פלוס 12יח L,,,ביצים פלוס 12יח L,יח',12.00,יח',false,,17.90,1.4917,true,1,75598
7296082000080,false,ביצים חופש 12יח,,,ביצים חופש 12יח,יח',12.00,יח',false,,21.90,1.8250,true,1,29756
7296082000134,false,ביצים רגילות לארג' 1,,,ביצים רגילות לארג' 1,יח',12.00,יח',false,,12.05,1.0042,true,1,44440
7296082000141,false,ביצים רגילות מדיום 1,,,ביצים רגילות מדיום 1,יחידה,0.00,יחידה,false,,11.15,0.0000,true,1,44441
7296082000165,false,ביצים אורגניות 12יח,,,ביצים אורגניות 12יח,יח',12.00,יח',false,,25.90,2.1583,true,1,45484
7296082000172,false,ביצים פלוס 30יח M,,,ביצים פלוס 30יח M,יח',30.00,יח',false,,41.90,1.3967,true,1,75599
7296082000189,false,ביצים פלוס 30יח L,,,ביצים פלוס 30יח L,יח',30.00,יח',false,,41.90,1.3967,true,1,75600
7296082000202,false,ביצים סופר טריה לארג,,,ביצים סופר טריה לארג,יח',18.00,יח',false,,18.07,1.0039,true,1,63984
7296107000002,false,מלפפון במלח 7-9 20%,,,מלפפון במלח 7-9 20%,גרמים,670.00,100 גרם,false,,7.50,1.1194,true,1,106560
7296107000033,false,מלפפון חמוץ 7-9 בחומ,,,מלפפון חמוץ 7-9 בחומ,גרמים,670.00,100 גרם,false,,7.50,1.1194,true,1,105952
7296155150698,false,דלי פיה סופר,,,דלי פיה סופר,יחידה,0.00,יחידה,false,,9.90,0.0000,true,1,76391
7312040017683,false,*מבצע* וודקה אבסולוט,,,*מבצע* וודקה אבסולוט,מיליליטרים,700.00,"100 מ""ל",false,,59.90,8.5571,true,1,67819
7394376615825,false,משקה שיבולת שועל מוע,,,משקה שיבולת שועל מוע,מיליליטרים,1000.00,"100 מ""ל",false,,14.90,1.4900,true,1,120884
7394376616778,false,משקה שיבולת שועל להק,,,משקה שיבולת שועל להק,מיליליטרים,1000.00,"100 מ""ל",false,,16.90,1.6900,true,1,120886
7501013122039,false,נקטר ג'ומקס מנגו קרט,,,נקטר ג'ומקס מנגו קרט,מיליליטרים,1000.00,"100 מ""ל",false,,9.90,0.9900,true,1,107213
7501013122114,false,נקטר ג'ומקס אננס קרט,,,נקטר ג'ומקס אננס קרט,מיליליטרים,1000.00,"100 מ""ל",false,,9.90,0.9900,true,1,107215
7501013122190,false,נקטר ג'ומקס תפוחים ק,,,נקטר ג'ומקס תפוחים ק,מיליליטרים,1000.00,"100 מ""ל",false,,9.90,0.9900,true,1,107216
7610008059073,false,שוקולד רגוסה קלאסי 1,,,שוקולד רגוסה קלאסי 1,גרמים,100.00,100 גרם,false,,15.90,15.9000,true,1,128275
7610008059080,false,שוקולד רגוסה מריר 10,,,שוקולד רגוסה מריר 10,גרמים,100.00,100 גרם,false,,15.90,15.9000,true,1,128276
7610008059103,false,טורינו שוקולד חלב  1,,,טורינו שוקולד חלב  1,גרמים,100.00,100 גרם,false,,15.90,15.9000,true,1,128278
7610243004463,false,דורגול מסיר אבן מרסס,,,דורגול מסיר אבן מרסס,מיליליטרים,500.00,"100 מ""ל",false,,21.90,4.3800,true,1,48772
7610400010481,false,שוקולד לינדט אקסלנס,,,שוקולד לינדט אקסלנס,גרמים,100.00,100 גרם,false,,15.90,15.9000,true,1,31344
7610400014632,false,שוקולד לינדט לינדור,,,שוקולד לינדט לינדור,גרמים,100.00,100 גרם,false,,16.90,16.9000,true,1,47524
7610400014649,false,שוקולד לינדט לינדור,,,שוקולד לינדט לינדור,גרמים,100.00,100 גרם,false,,16.90,16.9000,true,1,31349
7610400068369,false,שוקולד לינדט לינדור,,,שוקולד לינדט לינדור,גרמים,100.00,100 גרם,false,,16.90,16.9000,true,1,96682
7610400068505,false,לינדור בונבוניירה חל,,,לינדור בונבוניירה חל,גרמים,200.00,100 גרם,false,,25.90,12.9500,true,1,47976
7610400068529,false,לינדור בונבוניירה אס,,,לינדור בונבוניירה אס,גרמים,200.00,100 גרם,false,,25.90,12.9500,true,1,47977
7610400070577,false,שוקולד לינדט אקסלנס,,,שוקולד לינדט אקסלנס,גרמים,100.00,100 גרם,false,,15.90,15.9000,true,1,72386
7610400074155,false,שוקולד לינדור 60% 10,,,שוקולד לינדור 60% 10,גרמים,100.00,100 גרם,false,,16.90,16.9000,true,1,47526
7610400091060,false,שוקולד לינדט אקסלנס,,,שוקולד לינדט אקסלנס,גרמים,100.00,100 גרם,false,,15.90,15.9000,true,1,120286
7613030979647,false,דגני טריקס פירות נסט,,,דגני טריקס פירות נסט,גרמים,480.00,100 גרם,false,,27.90,5.8125,true,1,97789
7613032045753,false,פיטנס שוקולד 375 גרם,,,פיטנס שוקולד 375 גרם,גרמים,375.00,100 גרם,false,,23.90,6.3733,true,1,43748
7613033548192,false,פיטנס דגני בוקר שוקו,,,פיטנס דגני בוקר שוקו,גרמים,375.00,100 גרם,false,,23.90,6.3733,true,1,57274
7613035548374,false,דגני גולדן מיניס נסט,,,דגני גולדן מיניס נסט,גרמים,570.00,100 גרם,false,,27.90,4.8947,true,1,75544
7613035622623,false,פיטנס גרנולה שקדים ו,,,פיטנס גרנולה שקדים ו,גרמים,300.00,100 גרם,false,,16.90,5.6333,true,1,76723
7613035809109,false,רוטב עגבניות ובזיליק,,,רוטב עגבניות ובזיליק,גרמים,400.00,100 גרם,false,,10.90,2.7250,true,1,89407
7613035809123,false,רוטב עגבניות עם פלפל,,,רוטב עגבניות עם פלפל,גרמים,400.00,100 גרם,false,,10.90,2.7250,true,1,89408
7613035809857,false,רוטב עגבניות לפסטה ו,,,רוטב עגבניות לפסטה ו,גרמים,40.00,100 גרם,false,,10.90,27.2500,true,1,89409
7613036105606,false,"דוגלי בוגר בקר 3ק""ג",,,"דוגלי בוגר בקר 3ק""ג",קילוגרמים,3.00,"ק""ג",false,,49.90,16.6333,true,1,94736
7613036387798,false,פיטנס יוגורט 350 גרם,,,פיטנס יוגורט 350 גרם,גרמים,350.00,100 גרם,false,,23.90,6.8286,true,1,95756
7613036520492,false,רוטב עגבניות לפיצה פ,,,רוטב עגבניות לפיצה פ,גרמים,400.00,100 גרם,false,,10.90,2.7250,true,1,96749
7613036737623,false,דגני בוקר קראנץ מקס,,,דגני בוקר קראנץ מקס,גרמים,410.00,100 גרם,false,,27.90,6.8049,true,1,98990
7613036976732,false,פריזקיס פאוצ' סולומו,,,פריזקיס פאוצ' סולומו,גרמים,85.00,100 גרם,false,,4.70,5.5294,true,1,128142
7613037012200,false,גרבר מחית תפוח מנגו,,,גרבר מחית תפוח מנגו,גרמים,90.00,100 גרם,false,,6.20,6.8889,true,1,112544
7613037686906,false,פיטנס שקדים ודבש 355,,,פיטנס שקדים ודבש 355,גרמים,355.00,100 גרם,false,,23.90,6.7324,true,1,112541
7613037811629,false,קורנפלקס גו פרי 500ג,,,קורנפלקס גו פרי 500ג,גרמים,500.00,100 גרם,false,,16.90,3.3800,true,1,112930
7613038451954,false,קראנץ שוקולד דגני בו,,,קראנץ שוקולד דגני בו,גרמים,410.00,100 גרם,false,,23.90,5.8293,true,1,112547
7613039547731,false,גרבר מחית תפוח משמש,,,גרבר מחית תפוח משמש,גרמים,90.00,100 גרם,false,,6.20,6.8889,true,1,127005
7613039770450,false,טבעול סנסשיונל בורגר,,,טבעול סנסשיונל בורגר,גרמים,226.00,100 גרם,false,,39.90,17.6549,true,1,128116
7613039771174,false,טבעול סנסשיונל מינס,,,טבעול סנסשיונל מינס,גרמים,400.00,100 גרם,false,,39.90,9.9750,true,1,128117
7613039880807,false,גרבר מחית תפוח גזר 1,,,גרבר מחית תפוח גזר 1,גרמים,190.00,100 גרם,false,,6.50,3.4211,true,1,134969
7613287121783,false,סמארטיס מיני 187גרם,,,סמארטיס מיני 187גרם,גרמים,187.00,100 גרם,false,,10.90,5.8289,true,1,136377
7613287155924,false,גרבר מחית תפוח גזר פ,,,גרבר מחית תפוח גזר פ,גרמים,90.00,100 גרם,false,,6.20,6.8889,true,1,139119
7613287181411,false,ויטמינצ'יק פאוץ  סלט,קריות זול,,ויטמינצ'יק פאוץ  סלט,מיליליטרים,110.00,"100 מ""ל",false,,6.50,5.9091,true,1,140801
7613287182326,false,ויטמינצ'יק  פאוץ בננ,קריות זול,,ויטמינצ'יק  פאוץ בננ,מיליליטרים,110.00,"100 מ""ל",false,,6.50,5.9091,true,1,140802
7613287186928,false,סטארבקס קפסולות ברקפ,,,סטארבקס קפסולות ברקפ,יחידה,0.00,יחידה,false,,21.90,0.0000,true,1,137014
7613287325822,false,רוטב מיקס לחיץ אסם 2,,,רוטב מיקס לחיץ אסם 2,גרמים,295.00,100 גרם,false,,16.90,5.7288,true,1,137709
7613287325983,false,רוטב סלסה לחיץ אסם,,,רוטב סלסה לחיץ אסם,גרמים,295.00,100 גרם,false,,16.90,5.7288,true,1,137711
7613287394323,false,דגני מולטי ציריוס 60,,,דגני מולטי ציריוס 60,גרמים,600.00,100 גרם,false,,27.90,4.6500,true,1,137112
7613287821348,false,נתחוני עוף טבעוני סנ,,,נתחוני עוף טבעוני סנ,גרמים,350.00,100 גרם,false,,34.90,9.9714,true,1,137105
7614500010013,false,טובלרון בר חלב 100 ג,,,טובלרון בר חלב 100 ג,גרמים,100.00,100 גרם,false,,8.90,8.9000,true,1,106117
7622010001858,false,אוראו עוגיות ממולאות,,,אוראו עוגיות ממולאות,גרמים,176.00,100 גרם,false,,9.90,5.6250,true,1,76068
7622201050757,false,שוקולד מילקה חלב עם,,,שוקולד מילקה חלב עם,גרמים,100.00,100 גרם,false,,7.90,7.9000,true,1,48392
7622201120931,false,מילקה שוקולד אוראו ל,,,מילקה שוקולד אוראו ל,גרמים,100.00,100 גרם,false,,7.90,7.9000,true,1,138964
7622201801809,false,שוקולד חלב מילקה אגו,,,שוקולד חלב מילקה אגו,גרמים,100.00,100 גרם,false,,7.90,7.9000,true,1,136971
7622201802363,false,שוקולד חלב מילקה צימ,,,שוקולד חלב מילקה צימ,גרמים,100.00,100 גרם,false,,7.90,7.9000,true,1,136972
7622201802394,false,שוקולד מילקה חלב 100,,,שוקולד מילקה חלב 100,גרמים,100.00,100 גרם,false,,7.90,7.9000,true,1,136970
7622201808631,false,אוראו מיני כוסות בטע,,,אוראו מיני כוסות בטע,גרמים,67.00,100 גרם,false,,6.90,10.2985,true,1,136975
7622201819170,false,שוקולד מילקה דארק שק,,,שוקולד מילקה דארק שק,גרמים,85.00,100 גרם,false,,7.90,9.2941,true,1,137636
7622210078131,false,שוקולד מילקה חלב עם,,,שוקולד מילקה חלב עם,גרמים,100.00,100 גרם,false,,7.90,7.9000,true,1,93245
7622210163899,false,שוקולד מילקה חלב עם,,,שוקולד מילקה חלב עם,גרמים,100.00,100 גרם,false,,7.90,7.9000,true,1,97551
7622210392589,false,טובלרון טייני חלב 20,,,טובלרון טייני חלב 20,גרמים,200.00,100 גרם,false,,14.90,7.4500,true,1,140785
7622300200237,false,שוקולד מילקה חלב250ג,,,שוקולד מילקה חלב250ג,גרמים,250.00,100 גרם,false,,10.90,4.3600,true,1,48624
7622300489427,false,אוראו עוגיות בציפוי,,,אוראו עוגיות בציפוי,גרמים,246.00,100 גרם,false,,15.90,6.4634,true,1,96536
7622300489434,false,אוראו עוגיות בציפוי,,,אוראו עוגיות בציפוי,גרמים,246.00,100 גרם,false,,15.90,6.4634,true,1,96535
7622300495046,false,שוקולד מילקה אקסטרה,,,שוקולד מילקה אקסטרה,גרמים,100.00,100 גרם,false,,7.90,7.9000,true,1,66550
7622300617820,false,שוקולד מילקה אוראו 1,,,שוקולד מילקה אוראו 1,גרמים,100.00,100 גרם,false,,7.90,7.9000,true,1,66551
7622300761363,false,אוראו מיני כוסות בטע,,,אוראו מיני כוסות בטע,גרמים,67.00,100 גרם,false,,9.90,14.7761,true,1,89458
7622400005190,false,שוקולד מילקה 100גר,,,שוקולד מילקה 100גר,גרמים,100.00,100 גרם,false,,7.90,7.9000,true,1,72583
7630477891592,false,סטארבקס קפסולות האוס,,,סטארבקס קפסולות האוס,יחידה,0.00,יחידה,false,,21.90,0.0000,true,1,126988
7630477891615,false,סטארבקס קפסולות סומט,,,סטארבקס קפסולות סומט,יחידה,0.00,יחידה,false,,21.90,0.0000,true,1,126991
7630477891639,false,סטארבקס קפסולות האוס,,,סטארבקס קפסולות האוס,יחידה,0.00,יחידה,false,,21.90,0.0000,true,1,126992
7630477891677,false,סטארבקס קפסולות פייק,,,סטארבקס קפסולות פייק,יחידה,0.00,יחידה,false,,21.90,0.0000,true,1,126990
7630477891691,false,סטארבקס קפסולות קולו,,,סטארבקס קפסולות קולו,יחידה,0.00,יחידה,false,,21.90,0.0000,true,1,126993
7630477891738,false,סטארבקס קפסולות אספר,,,סטארבקס קפסולות אספר,יחידה,0.00,יחידה,false,,21.90,0.0000,true,1,126994
7702018029655,false,גילט מאך 3 מכשיר+סכי,,,גילט מאך 3 מכשיר+סכי,יחידה,0.00,יחידה,false,,19.90,0.0000,true,1,90525
7702018458110,false,גילט מכשיר פיוזן ידנ,,,גילט מכשיר פיוזן ידנ,יחידה,0.00,יחידה,false,,39.90,0.0000,true,1,97140
7702018462032,false,מאך 3 סכיני גילוח רב,,,מאך 3 סכיני גילוח רב,יחידה,0.00,יחידה,false,,29.90,0.0000,true,1,136296
7702024074625,false,פיטנס חטיפי קרקר חיט,,,פיטנס חטיפי קרקר חיט,גרמים,234.00,100 גרם,false,,12.90,5.5128,true,1,97957
7702174066631,false,לקקן פינפופ מהדרין י,,,לקקן פינפופ מהדרין י,גרמים,180.00,100 גרם,false,,7.90,4.3889,true,1,48623
7702174068826,false,לקקן עם סוכריות טופי,,,לקקן עם סוכריות טופי,יחידה,0.00,יחידה,false,,11.90,0.0000,true,1,65401
7702174068833,false,לקקן בטעם גלידה יוגט,,,לקקן בטעם גלידה יוגט,יחידה,0.00,יחידה,false,,11.90,0.0000,true,1,65061
7702174070201,false,לקקן מג'יק יוגטה 12י,,,לקקן מג'יק יוגטה 12י,יחידה,0.00,יחידה,false,,11.90,0.0000,true,1,66668
7702174073783,false,לקקן פינפופ קולה יוג,,,לקקן פינפופ קולה יוג,גרמים,180.00,100 גרם,false,,7.90,4.3889,true,1,74942
7792860006218,false,סוכריות לקקנים בייבי,,,סוכריות לקקנים בייבי,גרמים,24.00,100 גרם,false,,2.50,10.4167,true,1,56188
7798132720233,false,אוכמניות 125גרם,,,אוכמניות 125גרם,גרמים,125.00,100 גרם,false,,12.90,10.3200,true,1,141320
7804414000877,false,דון חולין מרלו 750מל,,,דון חולין מרלו 750מל,מיליליטרים,750.00,"100 מ""ל",false,,34.90,4.6533,true,1,50425
7804414001614,false,דון חוליו שיראז 750,,,דון חוליו שיראז 750,מיליליטרים,750.00,"100 מ""ל",false,,34.90,4.6533,true,1,50426
7804414012368,false,דון חוליו רוזה 750 מ,,,דון חוליו רוזה 750 מ,מיליליטרים,750.00,"100 מ""ל",false,,34.90,4.6533,true,1,92735
7891024030974,false,קולגייט טריפל אקשן מ,,,קולגייט טריפל אקשן מ,מיליליטרים,75.00,"100 מ""ל",false,,7.90,10.5333,true,1,75124
8000020000365,false,וורמוט צינזנו ביאנקו,,,וורמוט צינזנו ביאנקו,מיליליטרים,750.00,"100 מ""ל",false,,29.90,3.9867,true,1,65716
8000040001106,false,"קמפרי 700 מ""ל",,,"קמפרי 700 מ""ל",מיליליטרים,700.00,"100 מ""ל",false,,89.90,12.8429,true,1,73291
8000300380378,false,"טבלת שוקולד חלב לל""ג",,,"טבלת שוקולד חלב לל""ג",גרמים,86.00,100 גרם,false,,7.90,9.1860,true,1,137678
8000350007393,false,עוגיות וישנזי במילוי,קריות זול,,עוגיות וישנזי במילוי,גרמים,150.00,100 גרם,false,,10.90,7.2667,true,1,140145
8000380003723,false,גרנד פטיסרי וופל אגו,קריות זול,,גרנד פטיסרי וופל אגו,גרמים,100.00,100 גרם,false,,14.50,14.5000,true,1,32065
8000380003761,false,גרנד פטיסרי קוקוס 10,קריות זול,,גרנד פטיסרי קוקוס 10,גרמים,100.00,100 גרם,false,,14.50,14.5000,true,1,32067
8000380004669,false,וופל לואקר קוביות סנ,,,וופל לואקר קוביות סנ,גרמים,200.00,100 גרם,false,,14.50,7.2500,true,1,47573
8000380004676,false,וופל לואקר קוביות סנ,קריות זול,,וופל לואקר קוביות סנ,גרמים,200.00,100 גרם,false,,14.50,7.2500,true,1,32069
8000380004911,false,וופל קואדרטיני אגוז,קריות זול,,וופל קואדרטיני אגוז,גרמים,250.00,100 גרם,false,,14.90,5.9600,true,1,32070
8000380004966,false,וופל לואקר קוביות קק,קריות זול,,וופל לואקר קוביות קק,גרמים,250.00,100 גרם,false,,14.90,5.9600,true,1,32071
8000380007257,false,וופל גרדנה אגוז 200ג,קריות זול,,וופל גרדנה אגוז 200ג,גרמים,200.00,100 גרם,false,,14.90,7.4500,true,1,32074
8000380007271,false,וופל לואקר חלב 175גר,קריות זול,,וופל לואקר חלב 175גר,גרמים,175.00,100 גרם,false,,12.90,7.3714,true,1,32076
8000380106028,false,טורטינה שישיה חלב 12,,,טורטינה שישיה חלב 12,גרמים,125.00,100 גרם,false,,18.90,15.1200,true,1,47574
8000380152704,false,לואקר גרדנה אצבעות ו,,,לואקר גרדנה אצבעות ו,גרמים,125.00,100 גרם,false,,16.50,13.2000,true,1,64802
8000380152728,false,לואקר גרדנה אצבעות ו,,,לואקר גרדנה אצבעות ו,גרמים,125.00,100 גרם,false,,16.50,13.2000,true,1,90112
8000380153534,false,טורטינה לבן 125גר,,,טורטינה לבן 125גר,גרמים,125.00,100 גרם,false,,18.90,15.1200,true,1,68083
8000380157570,false,וופל קלאסי לואקר 262,,,וופל קלאסי לואקר 262,גרמים,262.50,100 גרם,false,,14.90,5.6762,true,1,95002
8000380157587,false,וופל שוקולד לואקר 26,,,וופל שוקולד לואקר 26,גרמים,262.50,100 גרם,false,,14.90,5.6762,true,1,95003
8000380180745,false,וופל קואדרטיני שוקו,,,וופל קואדרטיני שוקו,גרמים,250.00,100 גרם,false,,14.90,5.9600,true,1,76198
8000380181032,false,וופל לואקר גרדנה אצב,,,וופל לואקר גרדנה אצב,גרמים,125.00,100 גרם,false,,16.50,13.2000,true,1,89416
8000380184644,false,וופל לואקר מיניס טעמ,,,וופל לואקר מיניס טעמ,גרמים,150.00,100 גרם,false,,13.90,9.2667,true,1,113221
8000380192151,false,טורטינה טריפל שוקולד,,,טורטינה טריפל שוקולד,גרמים,125.00,100 גרם,false,,18.90,15.1200,true,1,106822
8000380207183,false,טורטינה חמאת בוטנים,,,טורטינה חמאת בוטנים,גרמים,126.00,100 גרם,false,,18.90,15.0000,true,1,139587
8000500023976,false,בונבוניירת רפאלו 150,קריות זול,,בונבוניירת רפאלו 150,גרמים,150.00,100 גרם,false,,17.90,11.9333,true,1,38150
8000500026731,false,קינדר ביצי שוקולד 3*,קריות זול,,קינדר ביצי שוקולד 3*,גרמים,60.00,100 גרם,false,,15.90,26.5000,true,1,74941
8000500029350,false,*מבצע* קינדר בואנו ש,,,*מבצע* קינדר בואנו ש,גרמים,129.00,100 גרם,false,,10.90,8.4496,true,1,32080
8000500037874,false,פררו רושר בונבוניירה,קריות זול,,פררו רושר בונבוניירה,גרמים,200.00,100 גרם,false,,28.90,14.4500,true,1,32082
8000500071083,false,קינדר אצבעות שוקולד,,,קינדר אצבעות שוקולד,גרמים,200.00,100 גרם,false,,14.90,7.4500,true,1,32084
8000500121436,false,*מבצע* קינדר בואנו ל,,,*מבצע* קינדר בואנו ל,גרמים,117.00,100 גרם,false,,10.90,9.3162,true,1,52964
8000500126325,false,קינדר גוי ורוד שלישי,קריות זול,,קינדר גוי ורוד שלישי,גרמים,60.00,100 גרם,false,,15.90,26.5000,true,1,70641
8000500256213,false,קינדר שוקולד מיני 12,,,קינדר שוקולד מיני 12,גרמים,120.00,100 גרם,false,,11.90,9.9167,true,1,99306
8000500267103,false,קינדר דליס 390 גרם,,,קינדר דליס 390 גרם,גרמים,390.00,100 גרם,false,,19.90,5.1026,true,1,99294
8000500269169,false,קינדר קארדס חמישייה,קריות זול,,קינדר קארדס חמישייה,גרמים,128.00,100 גרם,false,,14.90,11.6406,true,1,140436
8000500353738,false,טיק טק מנטה חזק רביע,,,טיק טק מנטה חזק רביע,גרמים,64.00,100 גרם,false,,11.90,18.5938,true,1,128434
8000500386941,false,נוטלה ממרח קקאו עם א,,,נוטלה ממרח קקאו עם א,גרמים,900.00,100 גרם,false,,29.90,3.3222,true,1,140437
8001090336521,false,פמפרס בייבי דריי מיד,,,פמפרס בייבי דריי מיד,יחידה,0.00,יחידה,false,,34.90,0.0000,true,1,112048
8001090336606,false,פמפרס בייבי דריי מיד,,,פמפרס בייבי דריי מיד,יחידה,0.00,יחידה,false,,34.90,0.0000,true,1,112049
8001090493637,false,הד&שולדרס שמפו אולטר,,,הד&שולדרס שמפו אולטר,מיליליטרים,450.00,"100 מ""ל",false,,23.90,5.3111,true,1,94702
8001090802385,false,טייד קפסולות לכביסה,,,טייד קפסולות לכביסה,יח',26.00,יח',false,,29.90,1.1500,true,1,99935
8001090810083,false,פנטן קונדישנר נוסחה,,,פנטן קונדישנר נוסחה,מיליליטרים,500.00,"100 מ""ל",false,,18.90,3.7800,true,1,98268
8001090810205,false,פנטן שמפו נוסחה קלאס,,,פנטן שמפו נוסחה קלאס,מיליליטרים,500.00,"100 מ""ל",false,,18.90,3.7800,true,1,98269
8001090810281,false,פנטן שמפו שמן מרוקאי,,,פנטן שמפו שמן מרוקאי,מיליליטרים,500.00,"100 מ""ל",false,,18.90,3.7800,true,1,98276
8001090833136,false,אריאל גל כביסה בייבי,,,אריאל גל כביסה בייבי,ליטרים,2.26,ליטר,false,,34.90,15.4425,true,1,99061
8001090886385,false,לנור כדוריות הריח בנ,,,לנור כדוריות הריח בנ,גרמים,140.00,100 גרם,false,,19.90,14.2143,true,1,128035
8001090886460,false,לנור כדוריות בושם בנ,,,לנור כדוריות בושם בנ,גרמים,140.00,100 גרם,false,,19.90,14.2143,true,1,100608
8001090899224,false,תחבושות אולוויז פלטי,,,תחבושות אולוויז פלטי,יחידה,0.00,יחידה,false,,19.90,0.0000,true,1,106971
8001090899255,false,תחבושות אולוויז פלטי,,,תחבושות אולוויז פלטי,יחידה,0.00,יחידה,false,,19.90,0.0000,true,1,106972
8001090988362,false,פנטן שמפו לחות מוגבר,,,פנטן שמפו לחות מוגבר,מיליליטרים,500.00,"100 מ""ל",false,,18.90,3.7800,true,1,98266
8001100059242,false,וופל קוביות 250 ג בא,,,וופל קוביות 250 ג בא,גרמים,250.00,100 גרם,false,,13.90,5.5600,true,1,140993
8001100067964,false,וופל קוביות 125ג באל,,,וופל קוביות 125ג באל,גרמים,125.00,100 גרם,false,,9.90,7.9200,true,1,140997
8001620011935,false,סאן בנדטו מוגז שישיי,,,סאן בנדטו מוגז שישיי,מיליליטרים,3000.00,"100 מ""ל",false,,14.90,0.4967,true,1,56857
8001841096889,false,פיירי לבן לימון 900,,,פיירי לבן לימון 900,מיליליטרים,900.00,"100 מ""ל",false,,9.90,1.1000,true,1,97932
8001841198347,false,גילט דאורדורנט CW ספ,,,גילט דאורדורנט CW ספ,מיליליטרים,150.00,"100 מ""ל",false,,15.90,10.6000,true,1,120230
8001841400662,false,טייד אבקת כביסה קולו,,,טייד אבקת כביסה קולו,קילוגרמים,10.00,"ק""ג",false,,59.90,5.9900,true,1,106965
8001841625188,false,פיירי פלטינום לימון,,,פיירי פלטינום לימון,מיליליטרים,515.00,"100 מ""ל",false,,10.90,2.1165,true,1,120235
8001841625461,false,פיירי פלטינום אורגינ,,,פיירי פלטינום אורגינ,מיליליטרים,515.00,"100 מ""ל",false,,10.90,2.1165,true,1,120236
8001841716435,false,שולדרס ג'ל רחצה ושמפ,,,שולדרס ג'ל רחצה ושמפ,מיליליטרים,360.00,"100 מ""ל",false,,22.90,6.3611,true,1,136946
8001841722146,false,מגן תחתון אולוויז נו,,,מגן תחתון אולוויז נו,יחידה,0.00,יחידה,false,,19.90,0.0000,true,1,127998
8001841893990,false,פיירי קפסולות למדיח,,,פיירי קפסולות למדיח,יח',30.00,יח',false,,39.90,1.3300,true,1,134845
8001841941929,false,אולוויז תחבושות פלטי,,,אולוויז תחבושות פלטי,יח',14.00,יח',false,,19.90,1.4214,true,1,136800
8001841948119,false,פיירי נוזל לכלים ארו,,,פיירי נוזל לכלים ארו,מיליליטרים,1050.00,"100 מ""ל",false,,10.90,1.0381,true,1,136325
8002230000012,false,אפרול 1ליטר,,,אפרול 1ליטר,מיליליטרים,1000.00,"100 מ""ל",false,,99.90,9.9900,true,1,94998
8002270015656,false,סאן פלגרינו 750מל,,,סאן פלגרינו 750מל,מיליליטרים,750.00,"100 מ""ל",false,,11.90,1.5867,true,1,47696
8002270166594,false,סאן פלגרינו שישייה 6,,,סאן פלגרינו שישייה 6,מיליליטרים,1500.00,"100 מ""ל",false,,33.90,2.2600,true,1,100989
8002450206003,false,ורדי משקה כהלי מוגז,,,ורדי משקה כהלי מוגז,מיליליטרים,750.00,"100 מ""ל",false,,25.90,3.4533,true,1,50430
8003340091280,false,לינדור בונבוניירה 60,,,לינדור בונבוניירה 60,גרמים,200.00,100 גרם,false,,25.90,12.9500,true,1,47978
8003753158587,false,אילי קפסולות אספרסו,,,אילי קפסולות אספרסו,יחידה,0.00,יחידה,false,,24.90,0.0000,true,1,136717
8004030103399,false,ריו  מארז טונה בשמן,,,ריו  מארז טונה בשמן,גרמים,320.00,100 גרם,false,,32.90,10.2812,true,1,140921
8004690051573,false,פסטה לאמוליזנה ספגטי,,,פסטה לאמוליזנה ספגטי,גרמים,500.00,100 גרם,false,,8.90,1.7800,true,1,70505
8004690052600,false,פסטה לאמוליזנה קונכי,,,פסטה לאמוליזנה קונכי,גרמים,500.00,100 גרם,false,,8.90,1.7800,true,1,113185
8004690052846,false,פסטה לאמוליזנה פוסיל,,,פסטה לאמוליזנה פוסיל,גרמים,500.00,100 גרם,false,,8.90,1.7800,true,1,70507
8004690053195,false,פסטה לאמוליזנה ריגטו,,,פסטה לאמוליזנה ריגטו,גרמים,500.00,100 גרם,false,,8.90,1.7800,true,1,98080
8004690055601,false,פסטה לאמוליזנה צ'ינס,,,פסטה לאמוליזנה צ'ינס,גרמים,500.00,100 גרם,false,,8.90,1.7800,true,1,113186
8004690106600,false,פסטה לאמוליזנה פארפא,,,פסטה לאמוליזנה פארפא,גרמים,500.00,100 גרם,false,,8.90,1.7800,true,1,97818
8004800000071,false,לאגו גלילי וופל במיל,,,לאגו גלילי וופל במיל,גרמים,100.00,100 גרם,false,,10.90,10.9000,true,1,141196
8004800004826,false,לאגו גלילי  וופלים ב,,,לאגו גלילי  וופלים ב,גרמים,100.00,100 גרם,false,,10.90,10.9000,true,1,141200
8004800005502,false,לאגו גלילי ופל במילו,,,לאגו גלילי ופל במילו,גרמים,125.00,100 גרם,false,,10.90,8.7200,true,1,141177
8004800005519,false,לאגו גלילי ופל  במיל,,,לאגו גלילי ופל  במיל,גרמים,125.00,100 גרם,false,,10.90,8.7200,true,1,141175
8005110002243,false,רכז עגבניות מוטי בשפ,,,רכז עגבניות מוטי בשפ,גרמים,185.00,100 גרם,false,,9.90,5.3514,true,1,128500
8005110060007,false,עגבניות מקולפות מוטי,,,עגבניות מקולפות מוטי,גרמים,400.00,100 גרם,false,,8.90,2.2250,true,1,140494
8005110170300,false,עגבניות מרוסקות מוטי,,,עגבניות מרוסקות מוטי,גרמים,1200.00,100 גרם,false,,18.90,1.5750,true,1,89086
8005110551253,false,רוטב לפיצה מוטי 400ג,,,רוטב לפיצה מוטי 400ג,גרמים,400.00,100 גרם,false,,9.90,2.4750,true,1,120266
8005200256587,false,נסטי אפרסק 1.5ליטר,,,נסטי אפרסק 1.5ליטר,מיליליטרים,1500.00,"100 מ""ל",false,,9.50,0.6333,true,1,138262
8005200286584,false,נסטי מנגו אננס 1.5לי,,,נסטי מנגו אננס 1.5לי,מיליליטרים,1500.00,"100 מ""ל",false,,9.50,0.6333,true,1,138263
8005200316588,false,נסטי דיאט אפרסק 1.5ל,,,נסטי דיאט אפרסק 1.5ל,מיליליטרים,1500.00,"100 מ""ל",false,,9.50,0.6333,true,1,138264
8005803010661,false,גריסיני אמור די פאן,,,גריסיני אמור די פאן,גרמים,125.00,100 גרם,false,,7.90,6.3200,true,1,93782
8006227000399,false,סמנצאטו לחם מחמצת פר,,,סמנצאטו לחם מחמצת פר,גרמים,400.00,100 גרם,false,,16.90,4.2250,true,1,139799
8006227000405,false,סמנצאטו לחם מחמצת פר,,,סמנצאטו לחם מחמצת פר,גרמים,400.00,100 גרם,false,,16.90,4.2250,true,1,139800
8006540091906,false,לנור כדוריות הבושם ב,,,לנור כדוריות הבושם ב,גרמים,140.00,100 גרם,false,,19.90,14.2143,true,1,137565
8006540112823,false,לנור מרכך מרוכז בניח,,,לנור מרכך מרוכז בניח,מיליליטרים,900.00,"100 מ""ל",false,,15.90,1.7667,true,1,136321
8006540112854,false,לנור מרכך מרוכז בניח,,,לנור מרכך מרוכז בניח,מיליליטרים,900.00,"100 מ""ל",false,,15.90,1.7667,true,1,136323
8006540221068,false,אולוויז מגני תחתון ל,,,אולוויז מגני תחתון ל,יחידה,0.00,יחידה,false,,19.90,0.0000,true,1,139968
8006540221341,false,אולוויז מגן תחתון אק,,,אולוויז מגן תחתון אק,יחידה,0.00,יחידה,false,,19.90,0.0000,true,1,138965
8006540302538,false,הד&שולדרס שמפו קלאסי,,,הד&שולדרס שמפו קלאסי,מיליליטרים,350.00,"100 מ""ל",false,,19.90,5.6857,true,1,140874
8007178223547,false,קרם בלסמי מצומצם ג'ק,,,קרם בלסמי מצומצם ג'ק,מיליליטרים,250.00,"100 מ""ל",false,,25.90,10.3600,true,1,73207
8008620009337,false,קריץ קרקר חיטה מלאה,,,קריץ קרקר חיטה מלאה,גרמים,250.00,100 גרם,false,,7.90,3.1600,true,1,128530
8008660210014,false,מעדן משמש מנז אנד גא,,,מעדן משמש מנז אנד גא,גרמים,300.00,100 גרם,false,,17.90,5.9667,true,1,90658
8008660210038,false,מעדן תות מנז אנד גאס,,,מעדן תות מנז אנד גאס,גרמים,300.00,100 גרם,false,,17.90,5.9667,true,1,90659
8008660210045,false,מעדן פירות יער מנז א,,,מעדן פירות יער מנז א,גרמים,300.00,100 גרם,false,,17.90,5.9667,true,1,90662
8008660210052,false,מעדן פרי תפוז 320 גר,,,מעדן פרי תפוז 320 גר,גרמים,320.00,100 גרם,false,,17.90,5.5937,true,1,98933
8008857200057,false,פסטה רג'ייה ספגטי שט,,,פסטה רג'ייה ספגטי שט,גרמים,500.00,100 גרם,false,,6.90,1.3800,true,1,70118
8008857200200,false,פסטה רג'ייה ספגטי דק,,,פסטה רג'ייה ספגטי דק,גרמים,500.00,100 גרם,false,,6.90,1.3800,true,1,70119
8008857300634,false,פסטה רג'ייה תלתל 500,,,פסטה רג'ייה תלתל 500,גרמים,500.00,100 גרם,false,,6.90,1.3800,true,1,63438
8008857601052,false,*מבצע* לזניה רגיה 50,,,*מבצע* לזניה רגיה 50,גרמים,500.00,100 גרם,false,,10.90,2.1800,true,1,98451
8008920150128,false,יין למברוסקו חצי יבש,,,יין למברוסקו חצי יבש,מיליליטרים,750.00,"100 מ""ל",false,,25.90,3.4533,true,1,50963
8011033011279,false,קוסקוס 1 קג,,,קוסקוס 1 קג,גרמים,1000.00,100 גרם,false,,13.90,1.3900,true,1,65288
8015997000911,false,מאריני בישקוטים פריכ,,,מאריני בישקוטים פריכ,גרמים,200.00,100 גרם,false,,6.90,3.4500,true,1,95830
8023492004495,false,טבלאות שוקולד חלב עם,,,טבלאות שוקולד חלב עם,גרמים,225.00,100 גרם,false,,12.90,5.7333,true,1,140139
8023492004518,false,טבלאות שוקולד מריר ע,,,טבלאות שוקולד מריר ע,גרמים,225.00,100 גרם,false,,12.90,5.7333,true,1,140137
8023492004525,false,טבלאות שוקולד מריר ע,,,טבלאות שוקולד מריר ע,גרמים,225.00,100 גרם,false,,12.90,5.7333,true,1,140138
8032880800243,false,פיקניק הפתעה 50גר,קריות זול,,פיקניק הפתעה 50גר,גרמים,50.00,100 גרם,false,,7.90,15.8000,true,1,39737
8033102690062,false,עוגיות וישנזי במילוי,קריות זול,,עוגיות וישנזי במילוי,גרמים,150.00,100 גרם,false,,10.90,7.2667,true,1,140146
8076800195057,false,פסטה ספגטיני מס 5 בר,קריות זול,,פסטה ספגטיני מס 5 בר,גרמים,500.00,100 גרם,false,,8.90,1.7800,true,1,28590
8076800195071,false,ספגטי מס 7 ברילה 500,,,ספגטי מס 7 ברילה 500,גרמים,500.00,100 גרם,false,,8.90,1.7800,true,1,138831
8076808150072,false,פסטה ספגטי מס 7 בריל,קריות זול,,פסטה ספגטי מס 7 בריל,גרמים,500.00,100 גרם,false,,8.90,1.7800,true,1,28605
8076809513395,false,רוטב פורמודרו ברילה,קריות זול,,רוטב פורמודרו ברילה,גרמים,400.00,100 גרם,false,,15.90,3.9750,true,1,28610
8076809513654,false,רוטב עגבניות לבולונז,קריות זול,,רוטב עגבניות לבולונז,גרמים,400.00,100 גרם,false,,15.90,3.9750,true,1,28611
8076809513692,false,רוטב נפוליטנה ברילה,קריות זול,,רוטב נפוליטנה ברילה,גרמים,400.00,100 גרם,false,,15.90,3.9750,true,1,28612
8076809513739,false,רוטב בזיליקום ברילה,קריות זול,,רוטב בזיליקום ברילה,גרמים,400.00,100 גרם,false,,15.90,3.9750,true,1,28614
8076809523561,false,רוטב טוסקנה ברילה400,,,רוטב טוסקנה ברילה400,גרמים,400.00,100 גרם,false,,15.90,3.9750,true,1,46774
8076809523738,false,לזניה ברילה 500 גר,קריות זול,,לזניה ברילה 500 גר,גרמים,500.00,100 גרם,false,,24.90,4.9800,true,1,28622
8410076600622,false,ניטשר וואלי חטיף קרא,,,ניטשר וואלי חטיף קרא,גרמים,210.00,100 גרם,false,,22.50,10.7143,true,1,66814
8410076610508,false,ניטשר וואלי צ'אוי חט,,,ניטשר וואלי צ'אוי חט,גרמים,150.00,100 גרם,false,,22.50,15.0000,true,1,90114
8410104039134,false,פיניש מנקה ומחדש מדי,קריות זול,,פיניש מנקה ומחדש מדי,מיליליטרים,250.00,"100 מ""ל",false,,21.90,8.7600,true,1,38251
8410104045111,false,"פיניש מלח למדיח 2 ק""",,,"פיניש מלח למדיח 2 ק""",גרמים,2000.00,100 גרם,false,,15.90,0.7950,true,1,110462
8410104437268,false,פיניש מפיץ ריח רגיל,,,פיניש מפיץ ריח רגיל,גרמים,27.00,100 גרם,false,,21.90,81.1111,true,1,62645
8410376037883,false,גולון עוגיות שוקוצ'י,,,גולון עוגיות שוקוצ'י,גרמים,130.00,100 גרם,false,,12.90,9.9231,true,1,140549
8410376064438,false,גולון ביסקוויט פיינס,,,גולון ביסקוויט פיינס,גרמים,150.00,100 גרם,false,,16.90,11.2667,true,1,140556
8410644611203,false,קאווה איבריקה לבן יב,,,קאווה איבריקה לבן יב,מיליליטרים,750.00,"100 מ""ל",false,,29.90,3.9867,true,1,100990
8412497595327,false,בקבוק  פלסטיק 450מל,,,בקבוק  פלסטיק 450מל,יחידה,0.00,יחידה,false,,19.90,0.0000,true,1,75892
8413376022965,false,גבינת עיזים רכה 29%,,,גבינת עיזים רכה 29%,גרמים,110.00,100 גרם,false,,13.90,12.6364,true,1,96069
8413376024839,false,גבינת עיזים רכה עם ע,,,גבינת עיזים רכה עם ע,גרמים,110.00,100 גרם,false,,13.90,12.6364,true,1,96070
8420822130600,false,סופר מסיר שומנים יעק,,,סופר מסיר שומנים יעק,מיליליטרים,750.00,"100 מ""ל",false,,15.90,2.1200,true,1,139174
8420822130624,false,סופר מסיר כתמים יעקב,,,סופר מסיר כתמים יעקב,מיליליטרים,750.00,"100 מ""ל",false,,15.90,2.1200,true,1,139175
8423207206488,false,סלים דליס חטיף דגנים,,,סלים דליס חטיף דגנים,גרמים,120.00,100 גרם,false,,15.90,13.2500,true,1,64925
8423207206495,false,סלים דליס חטיף דגנים,,,סלים דליס חטיף דגנים,גרמים,1200.00,100 גרם,false,,15.90,1.3250,true,1,64926
8423207206501,false,סלים דליס חטיף דגנים,,,סלים דליס חטיף דגנים,גרמים,120.00,100 גרם,false,,15.90,13.2500,true,1,64927
8423207208260,false,סלים דליס חטיף דגנים,,,סלים דליס חטיף דגנים,גרמים,120.00,100 גרם,false,,15.90,13.2500,true,1,74814
8423207208697,false,סלים דליס קידס חטיף,,,סלים דליס קידס חטיף,גרמים,120.00,100 גרם,false,,15.90,13.2500,true,1,76045
8423207208871,false,פריכיות תירס בטעם טב,,,פריכיות תירס בטעם טב,גרמים,123.00,100 גרם,false,,11.90,9.6748,true,1,76090
8423207208888,false,פריכיות תירס בטעם עג,,,פריכיות תירס בטעם עג,יחידה,0.00,יחידה,false,,12.90,0.0000,true,1,76091
8423207208895,false,פריכיות תירס בטעם זי,,,פריכיות תירס בטעם זי,יחידה,0.00,יחידה,false,,12.90,0.0000,true,1,76092
8423207210287,false,סלים דליס שוקולד לבן,,,סלים דליס שוקולד לבן,גרמים,120.00,100 גרם,false,,15.90,13.2500,true,1,107542
8423207210928,false,סלים דליס טופינג אגו,,,סלים דליס טופינג אגו,גרמים,0.00,100 גרם,false,,15.90,0.0000,true,1,128079
8423207210942,false,סלים דליס טופינג פיר,,,סלים דליס טופינג פיר,גרמים,0.00,100 גרם,false,,15.90,0.0000,true,1,128080
8423207210966,false,סלים דליס טופינג קוק,,,סלים דליס טופינג קוק,גרמים,0.00,100 גרם,false,,15.90,0.0000,true,1,128078
8423207210980,false,סלים דליס טופינג קלי,,,סלים דליס טופינג קלי,גרמים,0.00,100 גרם,false,,15.90,0.0000,true,1,128081
8425206000081,false,ריבת חלב מרדל 450גר,,,ריבת חלב מרדל 450גר,גרמים,450.00,100 גרם,false,,19.90,4.4222,true,1,74928
8435495805199,false,תינוקלין 3 קג,,,תינוקלין 3 קג,ק'ג,3.00,ק'ג,false,,39.90,13.3000,true,1,102872
8435495807636,false,תינוקלין ג'ל כביסה ב,,,תינוקלין ג'ל כביסה ב,ליטרים,2.00,ליטר,false,,29.90,14.9500,true,1,99458
8437000906209,false,עלי טורטיה 320ר,,,עלי טורטיה 320ר,גרמים,325.00,100 גרם,false,,10.90,3.3538,true,1,63267
8606018615827,false,פיינט אוראו,,,פיינט אוראו,מיליליטרים,480.00,"100 מ""ל",false,,19.90,4.1458,true,1,141110
8606018615841,false,פיינט מילקה וניל ליב,,,פיינט מילקה וניל ליב,מיליליטרים,480.00,"100 מ""ל",false,,19.90,4.1458,true,1,141111
8606018615865,false,פיינט מילקה קרמל ליב,,,פיינט מילקה קרמל ליב,מיליליטרים,480.00,"100 מ""ל",false,,19.90,4.1458,true,1,141112
8683130008355,false,מיונז הלמנס שום לחיץ,,,מיונז הלמנס שום לחיץ,גרמים,400.00,100 גרם,false,,16.90,4.2250,true,1,138617
8683130025574,false,בדין אקסטרא לבנדר 96,,,בדין אקסטרא לבנדר 96,מיליליטרים,960.00,"100 מ""ל",false,,18.90,1.9687,true,1,139413
8683130025581,false,בדין אקסטרא ענבר 960,,,בדין אקסטרא ענבר 960,מיליליטרים,960.00,"100 מ""ל",false,,18.90,1.9687,true,1,139414
8683323063024,false,סוכריות יוגטה שטיחים,,,סוכריות יוגטה שטיחים,גרמים,220.00,100 גרם,false,,8.50,3.8636,true,1,90556
8686868600068,false,המותג אביזרי שיער,,,המותג אביזרי שיער,יחידה,0.00,יחידה,false,,8.90,0.0000,true,1,51517
8686868600075,false,המותג אביזרי שיער,,,המותג אביזרי שיער,יחידה,0.00,יחידה,false,,9.90,0.0000,true,1,51518
8686868600105,false,אביזרי שיער מברשות ה,,,אביזרי שיער מברשות ה,יחידה,0.00,יחידה,false,,12.90,0.0000,true,1,51521
8686868600112,false,המותג אביזרי שיער,,,המותג אביזרי שיער,יחידה,0.00,יחידה,false,,13.90,0.0000,true,1,51522
8686868600129,false,סרט לשיער,,,סרט לשיער,יחידה,0.00,יחידה,false,,12.90,0.0000,true,1,51523
8686868600150,false,המותג אביזרי שיער,,,המותג אביזרי שיער,יחידה,0.00,יחידה,false,,17.90,0.0000,true,1,51526
8686868600174,false,המותג אביזרי שיער,,,המותג אביזרי שיער,יחידה,0.00,יחידה,false,,19.90,0.0000,true,1,65667
8686868600211,false,"מטריה לילדים 47 ס""מ",,,"מטריה לילדים 47 ס""מ",יחידה,0.00,יחידה,false,,19.90,0.0000,true,1,128246
8686868600235,false,המותג אביזרי שיער,,,המותג אביזרי שיער,יחידה,0.00,יחידה,false,,12.90,0.0000,true,1,52798
8686868600259,false,מטריה גדולה /כפולה,,,מטריה גדולה /כפולה,יחידה,0.00,יחידה,false,,29.90,0.0000,true,1,94641
8690531401722,false,פלפל אדום קלוי צנצנת,,,פלפל אדום קלוי צנצנת,גרמים,550.00,100 גרם,false,,9.90,1.8000,true,1,135287
8690572789018,false,גליס שמפו ביו טק 525,,,גליס שמפו ביו טק 525,מיליליטרים,525.00,"100 מ""ל",false,,10.00,1.9048,true,1,138192
8690572789490,false,גליס שמפו שיקום אולט,,,גליס שמפו שיקום אולט,מיליליטרים,525.00,"100 מ""ל",false,,10.00,1.9048,true,1,138188
8690572789513,false,גליס שמפו תמצית שמן,,,גליס שמפו תמצית שמן,מיליליטרים,525.00,"100 מ""ל",false,,10.00,1.9048,true,1,138189
8690572789551,false,גליס שמפו שיקום עמוק,,,גליס שמפו שיקום עמוק,מיליליטרים,525.00,"100 מ""ל",false,,10.00,1.9048,true,1,138190
8690572789636,false,גליס שמפו לאורך מושל,,,גליס שמפו לאורך מושל,מיליליטרים,525.00,"100 מ""ל",false,,10.00,1.9048,true,1,138191
8690637503856,false,הלמנס ממרח לחיץ 355,,,הלמנס ממרח לחיץ 355,גרמים,355.00,100 גרם,false,,16.90,4.7606,true,1,128372
8690637505614,false,בדין אקסטרא פינוק קו,,,בדין אקסטרא פינוק קו,מיליליטרים,960.00,"100 מ""ל",false,,18.90,1.9687,true,1,136595
8690637555084,false,בדין אקסטרא לבן 960מ,,,בדין אקסטרא לבן 960מ,מיליליטרים,960.00,"100 מ""ל",false,,18.90,1.9687,true,1,49349
8690637858734,false,סיף ג'ל אקונומיקה לי,,,סיף ג'ל אקונומיקה לי,מיליליטרים,750.00,"100 מ""ל",false,,13.90,1.8533,true,1,98640
8690637866753,false,בדין אקסטרא לבנדר 96,,,בדין אקסטרא לבנדר 96,מיליליטרים,960.00,"100 מ""ל",false,,18.90,1.9687,true,1,98060
8690637871245,false,הלמנס מיונז 395 גרם,,,הלמנס מיונז 395 גרם,גרמים,395.00,100 גרם,false,,15.90,4.0253,true,1,100129
8690637935701,false,בדין אקסטרא מרכך דוב,,,בדין אקסטרא מרכך דוב,מיליליטרים,960.00,"100 מ""ל",false,,18.90,1.9687,true,1,112566
8690637946318,false,בדין אקסטרא בייבי בנ,,,בדין אקסטרא בייבי בנ,מיליליטרים,960.00,"100 מ""ל",false,,18.90,1.9687,true,1,113019
8690637976995,false,בדין אקסטרא ורוד סחל,,,בדין אקסטרא ורוד סחל,מיליליטרים,960.00,"100 מ""ל",false,,18.90,1.9687,true,1,128166
8690637987441,false,בדין אקסטרא מרכך פרח,,,בדין אקסטרא מרכך פרח,מיליליטרים,960.00,"100 מ""ל",false,,18.90,1.9687,true,1,128719
8690766156367,false,שוקולד חלב מעולה 90,,,שוקולד חלב מעולה 90,גרמים,90.00,100 גרם,false,,14.90,16.5556,true,1,112447
8690766156374,false,שוקולד מריר מעולה  7,,,שוקולד מריר מעולה  7,גרמים,90.00,100 גרם,false,,14.90,16.5556,true,1,112448
8690766156381,false,שוקולד מריר מעולה 90,,,שוקולד מריר מעולה 90,גרמים,90.00,100 גרם,false,,14.90,16.5556,true,1,112449
8690766156411,false,שוקולד מריר מעולה  ב,,,שוקולד מריר מעולה  ב,גרמים,90.00,100 גרם,false,,14.90,16.5556,true,1,112452
8690770322598,false,"שמרים יבשים 125 ג""ר.",,,"שמרים יבשים 125 ג""ר.",גרמים,125.00,100 גרם,false,,4.90,3.9200,true,1,50564
8690777203012,false,פלפל ירוק כבוש לא חר,,,פלפל ירוק כבוש לא חר,גרמים,600.00,100 גרם,false,,13.90,2.3167,true,1,45759
8690777204071,false,פלפל חריף ויליפוד 64,,,פלפל חריף ויליפוד 64,גרמים,640.00,100 גרם,false,,13.90,2.1719,true,1,45760
8690777206051,false,חציל קלוי על האש ויל,קריות זול,,חציל קלוי על האש ויל,גרמים,650.00,100 גרם,false,,13.90,2.1385,true,1,42931
8690777221405,false,פלפל אדום קלוי על הא,,,פלפל אדום קלוי על הא,גרמים,650.00,100 גרם,false,,13.90,2.1385,true,1,45762
8690799022905,false,ריבת אפרסקים מתין 1,,,ריבת אפרסקים מתין 1,מיליליטרים,1000.00,"100 מ""ל",false,,19.90,1.9900,true,1,138012
8691058141238,false,ערמונים שלמים 100 גר,,,ערמונים שלמים 100 גר,גרמים,100.00,100 גרם,false,,6.90,6.9000,true,1,106956
8691720001242,false,עוגיות פינגר 630גר,,,עוגיות פינגר 630גר,גרמים,630.00,100 גרם,false,,8.90,1.4127,true,1,101864
8692440001086,false,כוסות לשתיה קרה טאץ',,,כוסות לשתיה קרה טאץ',יחידה,0.00,יחידה,false,,7.90,0.0000,true,1,74882
8693323085100,false,ממתק חמוץ שטיחים חמו,,,ממתק חמוץ שטיחים חמו,גרמים,100.00,100 גרם,false,,4.90,4.9000,true,1,98486
8693495052177,false,פלמוליב זיתים 750מל,,,פלמוליב זיתים 750מל,מיליליטרים,750.00,"100 מ""ל",false,,21.90,2.9200,true,1,95897
8697420697914,false,זיתים שחורים בפח 700,,,זיתים שחורים בפח 700,גרמים,700.00,100 גרם,false,,19.90,2.8429,true,1,98145
8697431460064,false,קונפיטורה 70% משמש 4,קריות זול,,קונפיטורה 70% משמש 4,גרמים,450.00,100 גרם,false,,14.90,3.3111,true,1,38312
8697431921701,false,קונפיטורה תות שדה פר,,,קונפיטורה תות שדה פר,גרמים,450.00,100 גרם,false,,14.90,3.3111,true,1,71584
8697530910743,false,פאל מאל כחול קצר,,,פאל מאל כחול קצר,יחידה,0.00,יחידה,false,,28.00,0.0000,false,1,49116
8697530910781,false,פאל מאל אדום האוס,גלוברנדס,,פאל מאל אדום האוס,יחידה,0.00,יחידה,false,,28.00,0.0000,false,1,49118
8697659224035,false,מטהר אוויר אקווה 400,,,מטהר אוויר אקווה 400,מיליליטרים,400.00,"100 מ""ל",false,,10.90,2.7250,true,1,93254
8697826469092,false,טורטיה קטנה 540גר,,,טורטיה קטנה 540גר,גרמים,540.00,100 גרם,false,,9.90,1.8333,true,1,76622
8710428005762,false,סימילאק איזומיל טף 4,,,סימילאק איזומיל טף 4,גרמים,400.00,100 גרם,false,,45.90,11.4750,true,1,67881
8710447224175,false,טרזמה שמפו משקם ביוט,,,טרזמה שמפו משקם ביוט,מיליליטרים,400.00,"100 מ""ל",false,,18.90,4.7250,true,1,100138
8710447320662,false,דאב ספריי 0% אלומיני,,,דאב ספריי 0% אלומיני,מיליליטרים,150.00,"100 מ""ל",false,,15.90,10.6000,true,1,112912
8710502064814,false,עוגיות שוקולד ציפס ר,,,עוגיות שוקולד ציפס ר,גרמים,175.00,100 גרם,false,,11.90,6.8000,true,1,74007
8710502139017,false,עוגיות טריפל שוקולד,,,עוגיות טריפל שוקולד,גרמים,180.00,100 גרם,false,,11.90,6.6111,true,1,47457
8710502194801,false,עוגיות שוקולד ציפס פ,,,עוגיות שוקולד ציפס פ,גרמים,175.00,100 גרם,false,,11.90,6.8000,true,1,89276
8710502279010,false,עוגיות שוקולד צ'יפס,,,עוגיות שוקולד צ'יפס,גרמים,175.00,100 גרם,false,,11.90,6.8000,true,1,135009
8710502470028,false,עוגיות שוקוציפס נוגט,,,עוגיות שוקוציפס נוגט,גרמים,160.00,100 גרם,false,,11.90,7.4375,true,1,51670
8710522584200,false,דאב תחליב רחצה ורדים,,,דאב תחליב רחצה ורדים,מיליליטרים,500.00,"100 מ""ל",false,,14.90,2.9800,true,1,139614
8710800027573,false,מיני מנטוס פירות שקי,,,מיני מנטוס פירות שקי,גרמים,178.00,100 גרם,false,,14.90,8.3708,true,1,32087
8710800961310,false,סוכריות מנטוס רביעיי,קריות זול,,סוכריות מנטוס רביעיי,גרמים,37.50,100 גרם,false,,12.90,34.4000,true,1,38333
8711000362617,false,קפסולות קפה לור לונג,,,קפסולות קפה לור לונג,יח',10.00,יח',false,,19.90,1.9900,true,1,98673
8711000371176,false,גקובס קפסולות קפה אס,,,גקובס קפסולות קפה אס,גרמים,52.00,100 גרם,false,,16.90,32.5000,true,1,99683
8711000371183,false,גקובס קפסולות קפה אס,,,גקובס קפסולות קפה אס,גרמים,52.00,100 גרם,false,,16.90,32.5000,true,1,99684
8711000371206,false,גקובס קפסולות קפה אס,,,גקובס קפסולות קפה אס,גרמים,52.00,100 גרם,false,,16.90,32.5000,true,1,99685
8711000472040,false,ג'ייקובס קפסולות קפה,,,ג'ייקובס קפסולות קפה,גרמים,52.00,100 גרם,false,,16.90,32.5000,true,1,136690
8711327475717,false,מגנום פיינט וניל שקד,,,מגנום פיינט וניל שקד,גרמים,260.00,100 גרם,false,,21.90,8.4231,true,1,135104
8711327475762,false,מגנום פיינט שוקולד ל,,,מגנום פיינט שוקולד ל,גרמים,260.00,100 גרם,false,,21.90,8.4231,true,1,135105
8712000051099,false,בירה היינקן שישייה 0,קריות זול,,בירה היינקן שישייה 0,מיליליטרים,1980.00,"100 מ""ל",false,,34.90,1.7626,true,1,100683
8712561594240,false,דאב תחליב רחצה 500 מ,,,דאב תחליב רחצה 500 מ,מיליליטרים,500.00,"100 מ""ל",false,,14.90,2.9800,true,1,75321
8712561609647,false,דאב תחליב רחצה חמאת,,,דאב תחליב רחצה חמאת,מיליליטרים,500.00,"100 מ""ל",false,,14.90,2.9800,true,1,140754
8712561611183,false,דאב תחליב רחצה תה יר,,,דאב תחליב רחצה תה יר,מיליליטרים,500.00,"100 מ""ל",false,,14.90,2.9800,true,1,75322
8714599513781,false,גקובס קפה גולד 200 ג,קריות זול,,גקובס קפה גולד 200 ג,גרמים,200.00,100 גרם,false,,25.90,12.9500,true,1,97820
8714599513835,false,גקובס נטול קפאין מיו,,,גקובס נטול קפאין מיו,גרמים,200.00,100 גרם,false,,35.90,17.9500,true,1,77104
8714599513866,false,גקובס קפה קרונונג 20,,,גקובס קפה קרונונג 20,גרמים,200.00,100 גרם,false,,25.90,12.9500,true,1,75728
8714789218465,false,קולגייט 360 מברשת שי,קריות זול,,קולגייט 360 מברשת שי,יחידה,0.00,יחידה,false,,33.90,0.0000,true,1,47413
8714789303925,false,קולגייט 360 מברשת שי,,,קולגייט 360 מברשת שי,יחידה,0.00,יחידה,false,,33.90,0.0000,true,1,47414
8714789582764,false,אגקס לניקוי חלונות 7,,,אגקס לניקוי חלונות 7,מיליליטרים,750.00,"100 מ""ל",false,,16.90,2.2533,true,1,72596
8715700110141,false,מיונז היינץ צנצנת 46,,,מיונז היינץ צנצנת 46,גרמים,460.00,100 גרם,false,,11.90,2.5870,true,1,94894
8715700110158,false,מיונז היינץ לייט צנצ,,,מיונז היינץ לייט צנצ,גרמים,490.00,100 גרם,false,,11.90,2.4286,true,1,94895
8715700115641,false,ממרח היינץ במרקם קרמ,,,ממרח היינץ במרקם קרמ,גרמים,420.00,100 גרם,false,,15.90,3.7857,true,1,140796
8715700117805,false,היינץ מתבל עגבניות ל,,,היינץ מתבל עגבניות ל,מיליליטרים,400.00,"100 מ""ל",false,,12.90,3.2250,true,1,138749
8715700419732,false,קטשופ היינץ 700גר,,,קטשופ היינץ 700גר,גרמים,700.00,100 גרם,false,,12.90,1.8429,true,1,71313
8715700423906,false,היינץ מתבל עגבניות 5,,,היינץ מתבל עגבניות 5,גרמים,555.00,100 גרם,false,,11.90,2.1441,true,1,96578
8717163647196,false,אקס ספריי גוף אנרכי,,,אקס ספריי גוף אנרכי,מיליליטרים,150.00,"100 מ""ל",false,,15.90,10.6000,true,1,100107
8717163647226,false,אקס ספריי גוף בלאק 1,,,אקס ספריי גוף בלאק 1,מיליליטרים,150.00,"100 מ""ל",false,,15.90,10.6000,true,1,100110
8717163647264,false,אקס ספריי גוף אייס צ,,,אקס ספריי גוף אייס צ,מיליליטרים,150.00,"100 מ""ל",false,,15.90,10.6000,true,1,100120
8717163655764,false,רקסונה ספריי שוואר פ,,,רקסונה ספריי שוואר פ,מיליליטרים,150.00,"100 מ""ל",false,,14.90,9.9333,true,1,106817
8717163655825,false,רקסונה ספריי כותנה 1,,,רקסונה ספריי כותנה 1,מיליליטרים,150.00,"100 מ""ל",false,,14.90,9.9333,true,1,106818
8717163658314,false,דאב תחליב רחצה מיסלר,,,דאב תחליב רחצה מיסלר,מיליליטרים,500.00,"100 מ""ל",false,,14.90,2.9800,true,1,99696
8717163714850,false,דאב ספריי קוקוס ויסמ,,,דאב ספריי קוקוס ויסמ,מיליליטרים,150.00,"100 מ""ל",false,,15.90,10.6000,true,1,102718
8717163842669,false,דאב תחליב רחצה חימר,,,דאב תחליב רחצה חימר,מיליליטרים,500.00,"100 מ""ל",false,,14.90,2.9800,true,1,113361
8717163842676,false,דאב תחליב רחצה חימר,,,דאב תחליב רחצה חימר,מיליליטרים,500.00,"100 מ""ל",false,,14.90,2.9800,true,1,113362
8718951001602,false,אגקס ספריי רב פעולות,,,אגקס ספריי רב פעולות,מיליליטרים,600.00,"100 מ""ל",false,,15.90,2.6500,true,1,73995
8718951076402,false,קולגייט הרבל להלבנה,קריות זול,,קולגייט הרבל להלבנה,מיליליטרים,100.00,"100 מ""ל",false,,12.90,12.9000,true,1,98261
8718951240742,false,קולגייט טוטל משחת שי,,,קולגייט טוטל משחת שי,מיליליטרים,100.00,"100 מ""ל",false,,14.90,14.9000,true,1,99485
8718951264618,false,קולגייט אופטיק וייט,,,קולגייט אופטיק וייט,מיליליטרים,75.00,"100 מ""ל",false,,32.90,43.8667,true,1,120037
8718951278851,false,קולגייט הלבנה פחם 10,,,קולגייט הלבנה פחם 10,מיליליטרים,100.00,"100 מ""ל",false,,14.90,14.9000,true,1,140499
8718951312722,false,קולגייט מקס פרש וויי,,,קולגייט מקס פרש וויי,מיליליטרים,100.00,"100 מ""ל",false,,10.00,10.0000,true,1,138710
8718951313576,false,קולגייט משחת שיניים,,,קולגייט משחת שיניים,מיליליטרים,100.00,"100 מ""ל",false,,10.00,10.0000,true,1,138180
8718951334120,false,סופלין מרכך כביסה לב,,,סופלין מרכך כביסה לב,מיליליטרים,650.00,"100 מ""ל",false,,7.90,1.2154,true,1,128202
8718951385290,false,אגקס לניקוי כללי ניח,קריות זול,,אגקס לניקוי כללי ניח,מיליליטרים,2000.00,"100 מ""ל",false,,24.90,1.2450,true,1,135016
8718951391314,false,אגקס טריגר אנטי בקטר,,,אגקס טריגר אנטי בקטר,מיליליטרים,500.00,"100 מ""ל",false,,15.90,3.1800,true,1,136261
8719200997998,false,בלו בנד לבישול וטיגו,,,בלו בנד לבישול וטיגו,גרמים,200.00,100 גרם,false,,4.90,2.4500,true,1,107186
8719200998001,false,בלו בנד בלי מלח 200ג,,,בלו בנד בלי מלח 200ג,גרמים,200.00,100 גרם,false,,4.90,2.4500,true,1,107187
8719200998018,false,בלו בנד טעם חמאה 200,,,בלו בנד טעם חמאה 200,גרמים,200.00,100 גרם,false,,4.90,2.4500,true,1,107188
8719200998032,false,מזולה בטעם חמאה 250ג,,,מזולה בטעם חמאה 250ג,גרמים,250.00,100 גרם,false,,10.90,4.3600,true,1,107193
8719200998049,false,מזולה בטעם טבעי 250ג,קריות זול,,מזולה בטעם טבעי 250ג,גרמים,250.00,100 גרם,false,,9.90,3.9600,true,1,107190
8719200998094,false,מזולה אפייה ללא מלח,,,מזולה אפייה ללא מלח,גרמים,200.00,100 גרם,false,,6.90,3.4500,true,1,107191
8719200998100,false,מזולה אפייה טעם חמאה,,,מזולה אפייה טעם חמאה,גרמים,200.00,100 גרם,false,,6.90,3.4500,true,1,107192
8720181046605,false,דאב ספריי אוריגינל ל,,,דאב ספריי אוריגינל ל,מיליליטרים,150.00,"100 מ""ל",false,,15.90,10.6000,true,1,128403
8720181123955,false,אקס ג'ל רחצה ריצארג,,,אקס ג'ל רחצה ריצארג,מיליליטרים,400.00,"100 מ""ל",false,,15.90,3.9750,true,1,137958
8720181201332,false,דאב סבון מוצק דאב גר,קריות זול,,דאב סבון מוצק דאב גר,גרמים,360.00,100 גרם,false,,18.90,5.2500,true,1,140741
8720181204111,false,אקס ג'ל רחצה אפיק פר,,,אקס ג'ל רחצה אפיק פר,מיליליטרים,400.00,"100 מ""ל",false,,15.90,3.9750,true,1,139615
8720182253156,false,דאב סבון מוצק דאב יר,,,דאב סבון מוצק דאב יר,גרמים,360.00,100 גרם,false,,18.90,5.2500,true,1,140740
8720182256850,false,דאב סבון מוצק דאב לב,קריות זול,,דאב סבון מוצק דאב לב,גרמים,360.00,100 גרם,false,,18.90,5.2500,true,1,140739
8723400756552,false,סוכריות מנטוס רביעיי,,,סוכריות מנטוס רביעיי,גרמים,37.50,100 גרם,false,,12.90,34.4000,true,1,65277
8801055707966,false,טסטרס צויס בריסטה 18,,,טסטרס צויס בריסטה 18,גרמים,180.00,100 גרם,false,,34.90,19.3889,true,1,76779
8801055709427,false,טסטרס צ'ויס קפה נמס,,,טסטרס צ'ויס קפה נמס,גרמים,100.00,100 גרם,false,,19.90,19.9000,true,1,137743
8801055709465,false,נסקפה קפוצינו וניל 1,,,נסקפה קפוצינו וניל 1,גרמים,185.00,100 גרם,false,,21.90,11.8378,true,1,139685
8801055709472,false,נסקפה קפוצ'ינו קלאסי,,,נסקפה קפוצ'ינו קלאסי,גרמים,125.00,100 גרם,false,,21.90,17.5200,true,1,139686
8801055709489,false,נסקפה קפוצינו אגוזים,,,נסקפה קפוצינו אגוזים,גרמים,180.00,100 גרם,false,,21.90,12.1667,true,1,139688
8809168840471,false,חטיף אצות מיובשות 4.,,,חטיף אצות מיובשות 4.,גרמים,40.00,100 גרם,false,,24.90,62.2500,true,1,135407
8850367992164,false,קרם קוקוס 20-22% 250,,,קרם קוקוס 20-22% 250,מיליליטרים,250.00,"100 מ""ל",false,,8.90,3.5600,true,1,89510
8850367994779,false,מחית קארי ירוקה 50 ג,,,מחית קארי ירוקה 50 ג,גרמים,50.00,100 גרם,false,,6.90,13.8000,true,1,138880
8850367994793,false,מחית קארי צהובה 50 ג,,,מחית קארי צהובה 50 ג,גרמים,50.00,100 גרם,false,,6.90,13.8000,true,1,138882
8850389115336,false,סאפה משקה אלוורה מלו,,,סאפה משקה אלוורה מלו,מיליליטרים,1000.00,"100 מ""ל",false,,15.90,1.5900,true,1,96497
8850632604259,false,חמצוצים מקלות בטעם ת,,,חמצוצים מקלות בטעם ת,גרמים,50.00,100 גרם,false,,4.90,9.8000,true,1,51255
8850632604266,false,חמצוצים מקלות בטעם ק,,,חמצוצים מקלות בטעם ק,גרמים,50.00,100 גרם,false,,4.90,9.8000,true,1,51256
8850632604372,false,חמצוצים שטיח בטעם תו,,,חמצוצים שטיח בטעם תו,גרמים,50.00,100 גרם,false,,4.90,9.8000,true,1,51260
8850632604402,false,חמצוצים שטיח בטעם מע,,,חמצוצים שטיח בטעם מע,גרמים,50.00,100 גרם,false,,4.90,9.8000,true,1,51261
8850632605201,false,חספוסים תות בננה תפו,,,חספוסים תות בננה תפו,גרמים,50.00,100 גרם,false,,4.90,9.8000,true,1,52181
8850632606390,false,חיספוסים בטעם אבטיח,,,חיספוסים בטעם אבטיח,גרמים,50.00,100 גרם,false,,4.90,9.8000,true,1,67782
8852633020403,false,פניני טפיוקה 500גר,,,פניני טפיוקה 500גר,גרמים,500.00,100 גרם,false,,11.90,2.3800,true,1,98762
8858271002887,false,רוטב טריאקי 250מל,,,רוטב טריאקי 250מל,מיליליטרים,250.00,"100 מ""ל",false,,12.90,5.1600,true,1,56712
8858271003020,false,רוטב סויה פורמולה מק,,,רוטב סויה פורמולה מק,מיליליטרים,700.00,"100 מ""ל",false,,16.50,2.3571,true,1,56713
8858271003068,false,רוטב סויה מתוק כהה 2,,,רוטב סויה מתוק כהה 2,מיליליטרים,250.00,"100 מ""ל",false,,12.90,5.1600,true,1,56715
8858271004034,false,רוטב צילי חריף  מקסצ,,,רוטב צילי חריף  מקסצ,מיליליטרים,700.00,"100 מ""ל",false,,16.50,2.3571,true,1,56722
8858271004799,false,רוטב צילי מתוק 700 מ,,,רוטב צילי מתוק 700 מ,מיליליטרים,700.00,"100 מ""ל",false,,12.90,1.8429,true,1,70880
8858271005451,false,רוטב סויה פורמולה מק,,,רוטב סויה פורמולה מק,מיליליטרים,250.00,"100 מ""ל",false,,11.90,4.7600,true,1,73435
8888111030053,false,מיץ אננס רביעיית 4*2,,,מיץ אננס רביעיית 4*2,מיליליטרים,960.00,"100 מ""ל",false,,16.90,1.7604,true,1,99855
8901314525055,false,מברשת שיניים קולגייט,,,מברשת שיניים קולגייט,יחידה,0.00,יחידה,false,,10.90,0.0000,true,1,141281
8901537024014,false,אורז בסמטי דאווט 1קג,,,אורז בסמטי דאווט 1קג,גרמים,1000.00,100 גרם,false,,13.90,1.3900,true,1,44837
8901537076679,false,אורז בסמטי חום מלא ד,,,אורז בסמטי חום מלא ד,גרמים,1.00,100 גרם,false,,14.90,1490.0000,true,1,97148
8934878081811,false,"דפי אורז 22 ס""מ 400ג",,,"דפי אורז 22 ס""מ 400ג",גרמים,400.00,100 גרם,false,,14.90,3.7250,true,1,100532
9000101418163,false,סבון אסלה שלישייה-בר,,,סבון אסלה שלישייה-בר,יחידה,0.00,יחידה,false,,16.90,0.0000,true,1,139432
9000101509151,false,ברף בריליאנט ג'ל אוק,,,ברף בריליאנט ג'ל אוק,יחידה,0.00,יחידה,false,,16.90,0.0000,true,1,141262
9000101520965,false,סבון אסלה שלישייה -ב,,,סבון אסלה שלישייה -ב,יחידה,0.00,יחידה,false,,16.90,0.0000,true,1,139433
9000101537550,false,פרסיל פאוור קאפס יונ,,,פרסיל פאוור קאפס יונ,יחידה,0.00,יחידה,false,,54.90,0.0000,true,1,139434
9000101537581,false,פרסיל פאוור קאפס לכב,,,פרסיל פאוור קאפס לכב,יחידה,0.00,יחידה,false,,54.90,0.0000,true,1,139436
9001395807015,false,בננית 300 ג,,,בננית 300 ג,גרמים,300.00,100 גרם,false,,10.90,3.6333,true,1,50610
9002859053849,false,אצבעות שוקולד סטיקס,,,אצבעות שוקולד סטיקס,גרמים,75.00,100 גרם,false,,9.90,13.2000,true,1,63083
9002859058172,false,בננה ציפוי שוקולד מר,,,בננה ציפוי שוקולד מר,גרמים,300.00,100 גרם,false,,14.90,4.9667,true,1,62576
9005835312756,false,ניקוי יסודי למדיח כל,,,ניקוי יסודי למדיח כל,מיליליטרים,250.00,"100 מ""ל",false,,14.90,5.9600,true,1,120929
9005835313609,false,טבליות למדיח כלים קל,,,טבליות למדיח כלים קל,יחידה,0.00,יחידה,false,,10.00,0.0000,true,1,139162
9044400826861,false,סוכריות פז מילוי בטע,,,סוכריות פז מילוי בטע,יחידה,0.00,יחידה,false,,9.90,0.0000,true,1,139736
9044400851672,false,סוכריות פז+3 מילויים,,,סוכריות פז+3 מילויים,גרמים,25.50,100 גרם,false,,12.90,50.5882,true,1,139527
9310072028743,false,ביסקויט טים טם במילו,,,ביסקויט טים טם במילו,גרמים,200.00,100 גרם,false,,20.90,10.4500,true,1,76470
9310072028750,false,עוגיות טים טם דאבל 2,,,עוגיות טים טם דאבל 2,גרמים,200.00,100 גרם,false,,20.90,10.4500,true,1,76038
9322969000015,false,פריכיות תירס טעם אור,,,פריכיות תירס טעם אור,גרמים,150.00,100 גרם,false,,14.90,9.9333,true,1,51510
9322969000022,false,פריכיות תירס עם סויה,,,פריכיות תירס עם סויה,גרמים,150.00,100 גרם,false,,14.90,9.9333,true,1,51398
9322969000046,false,פריכיות תירס אורגניו,,,פריכיות תירס אורגניו,גרמים,150.00,100 גרם,false,,14.90,9.9333,true,1,51399
9322969000053,false,פריכיות אורז מלא 150,,,פריכיות אורז מלא 150,גרמים,150.00,100 גרם,false,,14.90,9.9333,true,1,138051
9720188050109,false,טופוטי ממרח טופו בטע,,,טופוטי ממרח טופו בטע,גרמים,227.00,100 גרם,false,,21.90,9.6476,true,1,31245
9720188060108,false,טופוטי ממרח טופו בטע,,,טופוטי ממרח טופו בטע,גרמים,340.00,100 גרם,false,,21.90,6.4412,true,1,31248
9771565051066,false,ידיעות שבת,,,ידיעות שבת,יחידה,0.00,יחידה,false,,11.90,0.0000,true,1,49101
